1292 2150
455 137 322 67 A. Anker. Bern.

80 180 1061 72 214. Das Lied der Heimath 2000

422 241 387 67 J. Nuesch. München.

80 292 1061 75 215. Frühlingsanfang 350

370 354 491 59 August Burclhardt. Basel.

82 406 1055 59 216. Wellhorn und Wetterhorn im Rosenlaui 300

82 453 1057 77 217. Waldparthie im Berneroberland 300

320 517 506 67 Elisabeth Kelly. St. Gallen.

80 569 1059 63 220. Sommer 300

82 618 1057 66 221. Weinberge bei Genf 250

415 680 398 59 Frans Kaiser. Stanz.

77 725 1057 72 222. Zitherspielerin (Terracotta) 70

84 781 1053 55 223. Gemsjäger 55

417 842 401 46 V. Blatter. Lausanne.

84 877 1055 72 229. Besuch im Schloss Tourbillon (Wallis) 600

390 946 455 64 Hans Bryner. Lausanne.

86 994 1051 66 230. Breithorn, von Wengen aus (Kt. Bern) 600

84 1044 1055 61 233. Buchen, Gehölz von Vernand (Sepia) 150

82 1094 1055 61 234. Eichen, bei Sauvabelin 150

86 1143 1048 53 235. Lausanne von Montmeillan aus (Aquarell) 80

84 1189 1052 68 236. Alte Mühle bei Merligen (Kt. Bern) [Aquarell] 150

413 1250 427 57 R.-H. Bentham. Aigle.

84 1298 1053 72 237. Aussicht auf die Aare, Thun (Aquarell) 500

84 1350 1057 67 238. Schloss Aigle (Aquarell) 150

483 1413 260 63 Usteri. Nyon.

84 1460 1055 68 241. Portrait des Hrn. Eytel 300

417 1528 394 54 E. Gertner. Weimar.

82 1571 1057 75 242. Norddeutscher Bauernhof 450

396 1639 440 57 F. Stirnemann, Ettiswyl.

84 1689 1052 66 243. Im Herbst 300

408 1750 409 68 X. Zimmer. München.

84 1797 1052 69 244. Im bayrisehen Hochland 660
