<?xml version="1.0" encoding="UTF-8"?>
<alto xmlns:xsi="http://www.w3.org/2001/XMLSchema-instance"
      xmlns="http://www.loc.gov/standards/alto/ns-v4#"
      xsi:schemaLocation="http://www.loc.gov/standards/alto/ns-v4# http://www.loc.gov/standards/alto/v4/alto-4-2.xsd">
  <Description>
    <MeasurementUnit>pixel</MeasurementUnit>
    <sourceImageInformation>
      <fileName>1887_Konstanz_gLeBjgO.pdf_page_13.png</fileName>
      
    </sourceImageInformation>
  </Description>
  
  <Layout>
    <Page WIDTH="1336"
          HEIGHT="2140"
          PHYSICAL_IMG_NR="9"
          ID="eSc_dummypage_">
      <PrintSpace HPOS="0"
                  VPOS="0"
                  WIDTH="1336"
                  HEIGHT="2140">
        

        
        <TextBlock ID="eSc_dummyblock_">
          
          
          <TextLine ID="eSc_line_93906e92"
                    
                    BASELINE="508 329 973 333" 
                    HPOS="506"
                    VPOS="281"
                    WIDTH="467"
                    HEIGHT="61">
            <Shape><Polygon POINTS="954 285 943 285 923 292 895 285 882 285 877 285 854 292 850 292 847 292 815 285 811 285 799 285 793 290 793 292 790 290 770 283 768 283 766 283 725 290 720 290 718 290 711 283 711 281 709 281 708 281 706 281 520 285 508 294 508 329 506 342 972 338 973 333 973 294 956 285 954 285"/></Shape>
	    <String CONTENT="Jules Hébert in Genf."
                    HPOS="506"
                    VPOS="281"
                    WIDTH="467"
                    HEIGHT="61"></String>
          </TextLine>

          
          
          <TextLine ID="eSc_line_a31bf588"
                    
                    BASELINE="247 385 1234 381" 
                    HPOS="244"
                    VPOS="337"
                    WIDTH="988"
                    HEIGHT="62">
            <Shape><Polygon POINTS="246 383 246 397 331 388 356 397 360 397 362 397 363 397 372 395 413 388 451 395 467 397 469 399 610 399 610 397 611 397 613 397 618 392 627 388 724 392 866 395 868 395 870 395 872 395 879 388 884 386 948 388 1220 395 1221 395 1223 395 1225 395 1225 394 1232 385 1232 379 1227 338 1152 354 1088 354 1068 338 1066 338 1064 338 1063 338 1061 338 1059 338 1059 340 1048 351 1029 338 1023 337 1022 337 1020 337 979 338 977 338 975 338 975 340 961 354 772 354 747 342 745 342 743 342 742 342 717 356 624 356 593 342 583 338 581 338 579 338 556 342 533 347 526 342 522 338 520 338 519 338 517 338 515 338 513 338 513 340 510 342 497 354 481 344 474 338 472 338 470 338 469 338 447 344 415 351 395 344 381 338 379 338 378 338 244 344 246 383"/></Shape>
	    <String CONTENT="225. Vor dem Atelier 250"
                    HPOS="244"
                    VPOS="337"
                    WIDTH="988"
                    HEIGHT="62"></String>
          </TextLine>

          
          
          <TextLine ID="eSc_line_18a99612"
                    
                    BASELINE="247 433 1231 434" 
                    HPOS="244"
                    VPOS="392"
                    WIDTH="986"
                    HEIGHT="62">
            <Shape><Polygon POINTS="246 431 244 436 276 452 278 452 280 452 281 452 283 452 296 444 312 452 313 452 315 452 317 452 337 444 349 452 351 452 353 452 354 454 749 454 749 452 750 452 775 442 784 438 1227 445 1230 433 1227 399 774 406 763 401 745 392 743 392 742 392 740 392 708 403 706 403 704 403 695 394 695 392 693 392 692 392 635 392 633 392 631 392 629 392 611 403 610 403 563 392 561 392 560 392 531 401 522 392 520 392 519 392 517 392 454 404 449 404 447 404 433 392 431 392 429 392 428 392 426 392 404 403 349 394 347 394 346 394 344 394 344 395 337 401 326 392 324 392 322 392 262 392 260 392 258 392 256 392 246 399 246 431"/></Shape>
	    <String CONTENT="226. En chemin pour l’Egypte 225"
                    HPOS="244"
                    VPOS="392"
                    WIDTH="986"
                    HEIGHT="62"></String>
          </TextLine>

          
          
          <TextLine ID="eSc_line_88903e72"
                    
                    BASELINE="486 499 988 499" 
                    HPOS="486"
                    VPOS="454"
                    WIDTH="502"
                    HEIGHT="61">
            <Shape><Polygon POINTS="486 499 486 508 986 515 988 499 988 460 486 454 486 499"/></Shape>
	    <String CONTENT="Arthur Calame in Genf."
                    HPOS="486"
                    VPOS="454"
                    WIDTH="502"
                    HEIGHT="61"></String>
          </TextLine>

          
          
          <TextLine ID="eSc_line_de68c431"
                    
                    BASELINE="247 549 1232 548" 
                    HPOS="246"
                    VPOS="508"
                    WIDTH="984"
                    HEIGHT="50">
            <Shape><Polygon POINTS="246 547 246 556 1228 558 1230 547 1228 508 1102 520 956 520 941 511 938 508 936 508 934 508 932 508 931 508 929 508 925 511 911 522 750 522 743 513 738 510 738 508 736 508 734 508 733 508 731 508 715 513 700 518 676 515 642 508 640 508 554 515 538 517 535 517 524 508 522 508 520 508 256 508 255 508 253 508 251 508 251 510 246 515 246 547"/></Shape>
	    <String CONTENT="227. En fuite devant l’orage 1800 *In Zurich in die Verloosung gewählt*"
                    HPOS="246"
                    VPOS="508"
                    WIDTH="984"
                    HEIGHT="50"></String>
          </TextLine>

          
          
          <TextLine ID="eSc_line_20779d65"
                    
                    BASELINE="424 595 1048 599" 
                    HPOS="422"
                    VPOS="552"
                    WIDTH="626"
                    HEIGHT="56">
            <Shape><Polygon POINTS="736 552 734 552 733 552 731 552 700 563 699 563 697 563 677 552 676 552 674 552 592 563 586 563 583 563 494 552 492 552 490 552 454 561 442 593 426 590 424 595 422 608 1047 608 1048 599 1045 561 856 565 850 561 845 556 843 556 841 556 840 556 784 561 756 565 752 563 738 552 736 552"/></Shape>
	    <String CONTENT="C. Th. Meyer in Basel."
                    HPOS="422"
                    VPOS="552"
                    WIDTH="626"
                    HEIGHT="56"></String>
          </TextLine>

          
          
          <TextLine ID="eSc_line_c1c4a207"
                    
                    BASELINE="497 668 981 663" 
                    HPOS="495"
                    VPOS="617"
                    WIDTH="486"
                    HEIGHT="64">
            <Shape><Polygon POINTS="497 668 497 681 981 670 981 663 979 627 957 617 956 617 954 617 952 617 950 617 932 627 859 618 857 618 813 627 802 618 800 618 799 618 797 618 699 629 658 618 656 618 654 618 652 618 615 631 604 622 604 620 602 620 601 620 510 620 508 620 506 620 504 620 504 622 495 629 497 668"/></Shape>
	    <String CONTENT="228. Im Mai 180"
                    HPOS="495"
                    VPOS="617"
                    WIDTH="486"
                    HEIGHT="64"></String>
          </TextLine>

          
          
          <TextLine ID="eSc_line_3971f367"
                    
                    BASELINE="247 718 1234 720" 
                    HPOS="244"
                    VPOS="675"
                    WIDTH="988"
                    HEIGHT="54">
            <Shape><Polygon POINTS="246 716 244 722 1228 729 1232 718 1230 677 1154 677 1152 677 1150 677 1148 677 1148 679 1139 686 1113 679 1111 679 1109 679 1107 679 1105 679 1105 681 1093 691 1023 677 1022 677 1020 677 989 693 579 693 556 681 554 681 552 681 551 681 506 691 469 677 467 677 408 677 406 677 404 677 403 677 392 688 376 677 374 677 372 677 371 677 324 684 246 675 246 716"/></Shape>
	    <String CONTENT="229. An der Lahn 600"
                    HPOS="244"
                    VPOS="675"
                    WIDTH="988"
                    HEIGHT="54"></String>
          </TextLine>

          
          
          <TextLine ID="eSc_line_a8285ac3"
                    
                    BASELINE="249 772 1231 772" 
                    HPOS="247"
                    VPOS="729"
                    WIDTH="983"
                    HEIGHT="50">
            <Shape><Polygon POINTS="247 770 247 779 1230 777 1230 770 1230 738 1162 729 1161 729 1159 729 1157 729 1148 736 1139 745 897 745 870 734 868 734 866 734 865 734 863 734 845 747 763 747 752 736 752 734 750 734 749 734 747 734 745 734 700 745 677 734 676 734 674 734 672 734 670 734 658 747 570 747 542 731 538 729 536 729 535 729 519 731 467 738 365 729 354 729 353 729 351 729 349 729 338 736 329 729 328 729 326 729 247 729 247 770"/></Shape>
	    <String CONTENT="C. Ritter in München."
                    HPOS="247"
                    VPOS="729"
                    WIDTH="983"
                    HEIGHT="50"></String>
          </TextLine>

          
          
          <TextLine ID="eSc_line_db485f87"
                    
                    BASELINE="508 832 972 836" 
                    HPOS="506"
                    VPOS="784"
                    WIDTH="466"
                    HEIGHT="68">
            <Shape><Polygon POINTS="900 795 882 793 874 793 863 798 838 791 829 791 811 790 793 790 775 790 766 798 766 800 743 800 742 798 731 788 731 786 724 786 665 797 651 786 651 784 649 784 647 784 581 784 579 784 577 784 551 797 533 784 531 784 529 784 527 784 526 784 524 784 508 793 508 832 506 843 515 850 517 850 519 850 520 850 674 845 717 843 968 852 972 836 972 800 913 798 907 795 900 795"/></Shape>
	    <String CONTENT="230. Weibliches Portrait —"
                    HPOS="506"
                    VPOS="784"
                    WIDTH="466"
                    HEIGHT="68"></String>
          </TextLine>

          
          
          <TextLine ID="eSc_line_fa6d7b65"
                    
                    BASELINE="247 888 1227 879" 
                    HPOS="244"
                    VPOS="839"
                    WIDTH="981"
                    HEIGHT="63">
            <Shape><Polygon POINTS="246 886 246 902 329 889 387 900 388 900 711 897 840 884 1221 891 1225 877 1220 854 995 854 988 852 947 839 945 839 943 839 941 839 911 852 906 856 824 857 688 857 679 852 659 843 658 843 656 843 654 843 636 852 631 854 611 852 544 843 542 843 244 850 246 886"/></Shape>
	    <String CONTENT="231. Betender Mönch 600 *Vom Kunstverein Winterthur in die Verloosung gekauft*"
                    HPOS="244"
                    VPOS="839"
                    WIDTH="981"
                    HEIGHT="63"></String>
          </TextLine>

          
          
          <TextLine ID="eSc_line_0efcca98"
                    
                    BASELINE="249 939 1235 938" 
                    HPOS="246"
                    VPOS="898"
                    WIDTH="988"
                    HEIGHT="52">
            <Shape><Polygon POINTS="247 938 247 950 1232 943 1234 936 1228 905 649 913 618 902 610 898 608 898 606 898 246 898 247 938"/></Shape>
	    <String CONTENT="J. Pollak in München."
                    HPOS="246"
                    VPOS="898"
                    WIDTH="988"
                    HEIGHT="52"></String>
          </TextLine>

          
          
          <TextLine ID="eSc_line_fcd99ec6"
                    
                    BASELINE="285 984 1196 987" 
                    HPOS="283"
                    VPOS="950"
                    WIDTH="913"
                    HEIGHT="46">
            <Shape><Polygon POINTS="285 984 283 995 1193 996 1196 987 1193 950 285 950 285 984"/></Shape>
	    <String CONTENT="232. Bronzene Büste"
                    HPOS="283"
                    VPOS="950"
                    WIDTH="913"
                    HEIGHT="46"></String>
          </TextLine>

          
          
          <TextLine ID="eSc_line_f7f5938d"
                    
                    BASELINE="508 1046 970 1046" 
                    HPOS="508"
                    VPOS="996"
                    WIDTH="462"
                    HEIGHT="66">
            <Shape><Polygon POINTS="959 1009 788 996 786 996 784 996 783 996 768 1009 727 998 725 998 724 998 722 998 695 1009 624 996 622 996 620 996 618 996 606 1007 577 998 576 998 574 998 572 998 570 998 554 1009 536 998 535 998 533 998 531 998 529 998 508 1009 508 1046 508 1062 970 1059 970 1046 968 1037 959 1009"/></Shape>
	    <String CONTENT="233. do."
                    HPOS="508"
                    VPOS="996"
                    WIDTH="462"
                    HEIGHT="66"></String>
          </TextLine>

          
          
          <TextLine ID="eSc_line_6693b690"
                    
                    BASELINE="247 1094 617 1098" 
                    HPOS="246"
                    VPOS="1057"
                    WIDTH="371"
                    HEIGHT="55">
            <Shape><Polygon POINTS="461 1062 444 1062 426 1064 408 1066 390 1066 372 1068 354 1068 337 1070 319 1071 301 1071 283 1073 265 1075 247 1075 247 1094 246 1103 613 1112 617 1098 617 1066 588 1057 586 1057 585 1057 463 1059 461 1062"/></Shape>
	    <String CONTENT="(Zusammen: 660)"
                    HPOS="246"
                    VPOS="1057"
                    WIDTH="371"
                    HEIGHT="55"></String>
          </TextLine>

          
          
          <TextLine ID="eSc_line_5064c9ef"
                    
                    BASELINE="251 1152 520 1149" 
                    HPOS="247"
                    VPOS="1109"
                    WIDTH="272"
                    HEIGHT="48">
            <Shape><Polygon POINTS="249 1150 249 1157 519 1155 519 1148 517 1127 479 1109 478 1109 476 1109 474 1109 472 1109 447 1125 444 1127 340 1127 335 1119 324 1111 324 1109 322 1109 321 1109 319 1109 247 1116 249 1150"/></Shape>
	    <String CONTENT="H. Bayer in München."
                    HPOS="247"
                    VPOS="1109"
                    WIDTH="272"
                    HEIGHT="48"></String>
          </TextLine>

          
          
          <TextLine ID="eSc_line_2ce74b47"
                    
                    BASELINE="947 1123 1230 1123" 
                    HPOS="945"
                    VPOS="1087"
                    WIDTH="283"
                    HEIGHT="61">
            <Shape><Polygon POINTS="945 1121 945 1148 1228 1139 1228 1121 1227 1087 945 1093 945 1121"/></Shape>
	    <String CONTENT="234. Haide 300"
                    HPOS="945"
                    VPOS="1087"
                    WIDTH="283"
                    HEIGHT="61"></String>
          </TextLine>

          
          
          <TextLine ID="eSc_line_eb73a385"
                    
                    BASELINE="501 1214 972 1214" 
                    HPOS="501"
                    VPOS="1164"
                    WIDTH="471"
                    HEIGHT="59">
            <Shape><Polygon POINTS="964 1187 947 1184 929 1180 911 1178 893 1175 875 1171 784 1164 783 1164 781 1164 763 1171 752 1177 738 1171 724 1164 722 1164 720 1164 718 1164 717 1164 717 1166 711 1169 704 1178 615 1178 599 1166 597 1164 595 1164 593 1164 592 1164 590 1164 583 1166 554 1175 501 1164 501 1214 501 1223 972 1223 972 1214 970 1207 964 1187"/></Shape>
	    <String CONTENT="Bertha Nägeli in München."
                    HPOS="501"
                    VPOS="1164"
                    WIDTH="471"
                    HEIGHT="59"></String>
          </TextLine>

          
          
          <TextLine ID="eSc_line_2e506cae"
                    
                    BASELINE="247 1264 1236 1261" 
                    HPOS="244"
                    VPOS="1223"
                    WIDTH="990"
                    HEIGHT="55">
            <Shape><Polygon POINTS="246 1262 246 1276 424 1278 426 1278 428 1278 433 1276 454 1269 476 1276 481 1278 483 1278 485 1278 497 1276 538 1267 563 1276 570 1278 572 1278 574 1278 576 1278 581 1276 597 1267 615 1276 620 1278 622 1278 624 1278 626 1278 635 1276 667 1267 683 1276 688 1278 690 1278 692 1278 708 1276 750 1267 1232 1273 1234 1260 1228 1228 709 1237 679 1226 677 1226 676 1226 674 1226 672 1226 656 1239 490 1239 447 1225 440 1223 438 1223 437 1223 244 1223 246 1262"/></Shape>
	    <String CONTENT="235. Frühling 320"
                    HPOS="244"
                    VPOS="1223"
                    WIDTH="990"
                    HEIGHT="55"></String>
          </TextLine>

          
          
          <TextLine ID="eSc_line_a5fe5083"
                    
                    BASELINE="444 1326 1011 1326" 
                    HPOS="444"
                    VPOS="1278"
                    WIDTH="567"
                    HEIGHT="61">
            <Shape><Polygon POINTS="997 1292 988 1289 947 1289 938 1280 938 1278 936 1278 934 1278 932 1278 931 1278 913 1287 617 1278 615 1278 560 1287 549 1278 547 1278 545 1278 461 1278 460 1278 458 1278 456 1278 444 1285 444 1326 444 1335 1009 1339 1011 1326 1011 1292 997 1292"/></Shape>
	    <String CONTENT="Anna Barth in München."
                    HPOS="444"
                    VPOS="1278"
                    WIDTH="567"
                    HEIGHT="61"></String>
          </TextLine>

          
          
          <TextLine ID="eSc_line_18ba5a78"
                    
                    BASELINE="247 1380 1235 1380" 
                    HPOS="246"
                    VPOS="1339"
                    WIDTH="988"
                    HEIGHT="57">
            <Shape><Polygon POINTS="246 1378 246 1392 1018 1385 1022 1385 1034 1394 1036 1394 1038 1394 1039 1394 1111 1385 1120 1392 1120 1394 1121 1394 1123 1394 1125 1396 1211 1396 1211 1394 1212 1394 1234 1383 1234 1378 1234 1346 1164 1339 1162 1339 1161 1339 1159 1339 1159 1341 1154 1344 1145 1353 1100 1355 1050 1344 1027 1339 1025 1339 1023 1339 1022 1339 1014 1344 997 1355 922 1346 920 1346 918 1346 916 1346 916 1348 907 1357 508 1357 488 1339 486 1339 485 1339 347 1339 346 1339 344 1339 342 1339 342 1341 331 1349 321 1341 321 1339 319 1339 317 1339 246 1339 246 1378"/></Shape>
	    <String CONTENT="236. Musikalische Gesellschaft 320"
                    HPOS="246"
                    VPOS="1339"
                    WIDTH="988"
                    HEIGHT="57"></String>
          </TextLine>

          
          
          <TextLine ID="eSc_line_eef76a36"
                    
                    BASELINE="476 1442 998 1439" 
                    HPOS="474"
                    VPOS="1387"
                    WIDTH="524"
                    HEIGHT="62">
            <Shape><Polygon POINTS="476 1442 476 1449 998 1446 998 1439 995 1403 915 1392 913 1392 911 1392 874 1401 856 1387 854 1387 852 1387 813 1387 811 1387 809 1387 783 1401 754 1387 752 1387 750 1387 749 1387 727 1396 686 1391 684 1391 683 1391 681 1391 681 1392 670 1403 640 1389 638 1389 636 1389 549 1403 510 1391 508 1391 506 1391 504 1391 474 1403 476 1442"/></Shape>
	    <String CONTENT="Arthur Calame in Genf."
                    HPOS="474"
                    VPOS="1387"
                    WIDTH="524"
                    HEIGHT="62"></String>
          </TextLine>

          
          
          <TextLine ID="eSc_line_94a1cbfe"
                    
                    BASELINE="247 1489 1241 1493" 
                    HPOS="244"
                    VPOS="1444"
                    WIDTH="995"
                    HEIGHT="64">
            <Shape><Polygon POINTS="246 1487 244 1503 545 1505 547 1505 549 1505 556 1501 567 1496 574 1501 579 1506 581 1506 583 1506 585 1508 747 1508 747 1506 822 1499 863 1496 872 1499 888 1506 890 1506 891 1506 893 1506 895 1506 904 1499 907 1496 923 1499 973 1508 975 1508 977 1508 1011 1498 1014 1498 1154 1498 1196 1508 1198 1508 1200 1508 1202 1508 1237 1496 1239 1492 1237 1448 1170 1448 1168 1448 1166 1448 1164 1448 1164 1449 1148 1464 783 1464 765 1449 759 1446 758 1446 756 1446 754 1446 752 1446 750 1446 745 1449 734 1456 702 1451 676 1446 674 1446 643 1451 611 1456 599 1451 586 1446 585 1446 583 1446 581 1446 579 1446 574 1451 561 1460 511 1451 460 1444 458 1444 420 1453 408 1455 392 1453 333 1444 331 1444 246 1453 246 1487"/></Shape>
	    <String CONTENT="237. Eglise de Fontarabie 800"
                    HPOS="244"
                    VPOS="1444"
                    WIDTH="995"
                    HEIGHT="64"></String>
          </TextLine>

          
          
          <TextLine ID="eSc_line_12820c6d"
                    
                    BASELINE="488 1555 991 1555" 
                    HPOS="488"
                    VPOS="1506"
                    WIDTH="503"
                    HEIGHT="63">
            <Shape><Polygon POINTS="488 1555 488 1569 991 1569 991 1555 988 1508 948 1517 897 1508 893 1508 891 1508 890 1508 857 1517 847 1508 845 1506 843 1506 841 1506 840 1506 838 1506 832 1508 808 1519 740 1519 731 1508 729 1508 729 1506 727 1506 725 1506 724 1506 722 1506 717 1508 697 1517 683 1508 679 1506 677 1506 676 1506 674 1506 672 1506 665 1508 640 1519 604 1519 595 1508 593 1508 593 1506 592 1506 590 1506 588 1506 572 1508 529 1517 488 1510 488 1555"/></Shape>
	    <String CONTENT="O. Gampert in München."
                    HPOS="488"
                    VPOS="1506"
                    WIDTH="503"
                    HEIGHT="63"></String>
          </TextLine>

          
          
          <TextLine ID="eSc_line_e1668986"
                    
                    BASELINE="247 1603 1235 1605" 
                    HPOS="244"
                    VPOS="1562"
                    WIDTH="990"
                    HEIGHT="59">
            <Shape><Polygon POINTS="246 1601 244 1613 695 1621 697 1621 699 1621 700 1621 700 1619 704 1617 713 1608 745 1617 754 1619 756 1619 758 1619 759 1619 761 1619 763 1617 777 1608 847 1608 856 1615 856 1617 857 1617 859 1617 861 1617 863 1617 886 1608 1148 1608 1162 1619 1162 1621 1164 1621 1166 1621 1168 1621 1232 1619 1234 1603 1234 1576 1223 1565 1223 1563 1221 1563 1220 1563 1171 1563 1170 1563 1168 1563 1166 1563 1166 1565 1154 1576 1152 1578 879 1578 868 1571 854 1563 852 1563 850 1563 849 1563 847 1563 838 1571 829 1578 697 1578 672 1567 659 1563 658 1563 656 1563 654 1563 645 1567 629 1574 545 1565 517 1563 515 1563 503 1565 451 1574 349 1563 347 1563 346 1563 344 1563 329 1574 319 1565 317 1565 315 1565 246 1562 246 1601"/></Shape>
	    <String CONTENT="238. Motiv aus Tirol 700"
                    HPOS="244"
                    VPOS="1562"
                    WIDTH="990"
                    HEIGHT="59"></String>
          </TextLine>

          
          
          <TextLine ID="eSc_line_c043167c"
                    
                    BASELINE="481 1670 995 1670" 
                    HPOS="481"
                    VPOS="1622"
                    WIDTH="514"
                    HEIGHT="57">
            <Shape><Polygon POINTS="481 1670 481 1679 995 1679 995 1670 995 1633 802 1622 800 1622 799 1622 775 1631 747 1622 745 1622 743 1622 742 1622 725 1631 713 1622 711 1622 709 1622 708 1622 706 1622 704 1622 704 1624 695 1633 588 1633 561 1622 560 1622 558 1622 556 1622 526 1631 503 1622 501 1622 499 1622 497 1622 481 1629 481 1670"/></Shape>
	    <String CONTENT="A. Treidler in München."
                    HPOS="481"
                    VPOS="1622"
                    WIDTH="514"
                    HEIGHT="57"></String>
          </TextLine>

          
          
          <TextLine ID="eSc_line_d73ededa"
                    
                    BASELINE="247 1720 1232 1719" 
                    HPOS="244"
                    VPOS="1676"
                    WIDTH="986"
                    HEIGHT="55">
            <Shape><Polygon POINTS="246 1719 246 1726 1227 1731 1230 1717 1225 1683 661 1692 658 1690 649 1681 647 1681 645 1681 643 1681 642 1681 624 1690 620 1692 620 1690 606 1678 606 1676 604 1676 602 1676 601 1676 470 1685 451 1676 449 1676 338 1676 337 1676 335 1676 333 1676 322 1685 260 1676 258 1676 256 1676 255 1676 255 1678 244 1687 246 1719"/></Shape>
	    <String CONTENT="239. Römerin 500"
                    HPOS="244"
                    VPOS="1676"
                    WIDTH="986"
                    HEIGHT="55"></String>
          </TextLine>

          
          
          <TextLine ID="eSc_line_1c15de01"
                    
                    BASELINE="485 1781 993 1785" 
                    HPOS="483"
                    VPOS="1733"
                    WIDTH="510"
                    HEIGHT="57">
            <Shape><Polygon POINTS="485 1781 483 1790 991 1790 993 1785 991 1747 923 1735 922 1735 920 1735 890 1745 888 1745 882 1745 818 1735 816 1735 770 1744 761 1745 758 1744 742 1733 740 1733 738 1733 736 1733 734 1733 711 1744 709 1744 708 1744 677 1733 676 1733 674 1733 485 1740 485 1781"/></Shape>
	    <String CONTENT="H. v. Klenze in München."
                    HPOS="483"
                    VPOS="1733"
                    WIDTH="510"
                    HEIGHT="57"></String>
          </TextLine>

          
          
          <TextLine ID="eSc_line_ccde284c"
                    
                    BASELINE="249 1835 1243 1833" 
                    HPOS="246"
                    VPOS="1794"
                    WIDTH="995"
                    HEIGHT="55">
            <Shape><Polygon POINTS="247 1833 247 1838 501 1847 503 1847 552 1838 556 1838 558 1838 581 1847 583 1847 585 1847 663 1838 667 1838 668 1838 697 1847 699 1847 700 1847 747 1838 749 1838 750 1838 831 1847 832 1847 834 1847 836 1847 836 1845 845 1838 915 1838 943 1838 981 1847 982 1847 984 1847 1045 1838 1095 1847 1096 1847 1098 1847 1100 1847 1111 1840 1120 1847 1121 1847 1123 1847 1125 1849 1220 1849 1220 1847 1221 1847 1241 1836 1241 1831 1237 1802 1166 1794 1164 1794 1162 1794 1134 1801 1114 1806 1107 1801 1100 1795 1098 1795 1096 1795 1095 1795 1093 1795 1091 1795 1084 1801 1072 1810 982 1810 968 1799 963 1795 961 1795 959 1795 957 1795 956 1795 954 1795 948 1799 932 1810 554 1810 485 1795 465 1794 463 1794 461 1794 451 1795 424 1802 403 1795 395 1794 394 1794 392 1794 246 1794 247 1833"/></Shape>
	    <String CONTENT="240. Sieger und Besiegter 600"
                    HPOS="246"
                    VPOS="1794"
                    WIDTH="995"
                    HEIGHT="55"></String>
          </TextLine>

          
          
          <TextLine ID="eSc_line_849a482c"
                    
                    BASELINE="465 1895 1009 1895" 
                    HPOS="465"
                    VPOS="1845"
                    WIDTH="544"
                    HEIGHT="64">
            <Shape><Polygon POINTS="465 1895 465 1909 1009 1908 1009 1895 1009 1861 904 1856 895 1847 895 1845 893 1845 891 1845 824 1845 822 1845 820 1845 818 1845 818 1847 804 1858 804 1860 777 1860 777 1858 765 1847 765 1845 763 1845 761 1845 759 1845 758 1845 727 1858 718 1861 656 1861 647 1856 622 1845 620 1845 618 1845 617 1845 595 1856 586 1861 522 1861 511 1854 499 1845 497 1845 495 1845 494 1845 492 1845 465 1852 465 1895"/></Shape>
	    <String CONTENT=""
                    HPOS="465"
                    VPOS="1845"
                    WIDTH="544"
                    HEIGHT="64"></String>
          </TextLine>

          
          
          <TextLine ID="eSc_line_978d918d"
                    
                    BASELINE="249 1949 1241 1947" 
                    HPOS="246"
                    VPOS="1906"
                    WIDTH="993"
                    HEIGHT="71">
            <Shape><Polygon POINTS="247 1947 249 1972 274 1959 337 1959 349 1970 351 1970 353 1970 354 1970 356 1970 388 1959 431 1972 451 1977 453 1977 454 1977 456 1977 458 1977 458 1975 463 1972 478 1959 536 1968 538 1968 608 1959 638 1972 640 1972 642 1972 643 1972 688 1959 709 1972 713 1975 715 1975 717 1975 718 1975 720 1975 729 1972 761 1959 856 1959 886 1972 897 1977 898 1977 900 1977 1237 1972 1239 1945 1237 1918 1221 1906 1220 1906 1218 1906 1216 1906 1146 1920 1139 1922 717 1922 709 1915 702 1908 702 1906 700 1906 699 1906 697 1906 606 1913 576 1915 558 1913 517 1906 515 1906 490 1911 460 1918 395 1911 354 1906 353 1906 351 1906 349 1906 344 1909 328 1918 319 1909 315 1908 315 1906 313 1906 312 1906 310 1906 246 1908 247 1947"/></Shape>
	    <String CONTENT=""
                    HPOS="246"
                    VPOS="1906"
                    WIDTH="993"
                    HEIGHT="71"></String>
          </TextLine>

          
        </TextBlock>
        
      </PrintSpace>
    </Page>
  </Layout>
</alto>
