1433 2260
520 288 483 60 Vittorio Avanzi, in Verona.

247 354 1038 45 80. Marine von Capri 300. —

247 406 1029 51 81. Die Truthahnhüterin 300. —

250 461 1035 43 82. Sirocco in Venedig 200. —

494 536 548 57 Mathilde Pajeken, in München.

247 610 1046 54 83. Von der untern Weser 500. —

518 679 500 55 Wilhelm Marc, in München.

247 743 1046 47 84. Im Klostergarten 4000. —

499 824 536 61 Fanny v. Geiger, in München.

248 888 1045 48 85. Motiy bei Brannenburg 500. —

497 956 521 57 Eduard Ortgies, in München.

250 1024 1041 43 86. Heimkehr von der Alm 1000. —

250 1073 1039 57 87. Der Widerspänstige 500. —

518 1145 500 56 Christian Mali, in München.

250 1222 1045 37 88. Dorfleben 800. —

250 1263 1049 55 189. Der Chiemsee 600. —

510 1348 513 53 Anton Steinach, in München.

250 1404 1041 61 90. Ein Wintermorgen im Walde 400. —

524 1478 482 55 J. G. Steffan, in München.

250 1540 1049 51 91. Mittag am Klönthalsee 950. —

252 1595 1039 56 92. Anhöhen des Wallenstadtersees 500. —

456 1678 631 58 Louis Mennet, in Bégnins (Waadt).

252 1734 1041 58 93. Erinnerung an die Normandie 200. —

256 1791 1037 54 94. Dent d’Oche am Genfersee 250. —

252 1841 1016 57 95. Bei Quiberon in der Bretagne 150. —

554 1924 439 66 Rudolf Koller, in Zürich.

254 1985 1043 48 96. Die Tränke 7000. —
