1412 2245
398 688 517 60 Julien Renevier, in Lausanne.

138 765 1039 45 1. Aus einem Mährchen 1000. —

415 836 480 48 Konrad Grob, in München.

136 890 1036 54 2. Der Besuch in der Sennhütte 1200. —

449 972 408 47 Marc Dunant, in Genf.

136 1028 1032 64 3. Aussicht vom Schloss Valerie in Sitten 150. —

441 1109 418 45 Eduard Ravel, in Genf.

136 1159 1030 60 4. Eine Musikstunde in der Kirche 5000. —

380 1236 539 60 Pietro Bernasconi, in Mailand.

134 1296 1028 62 5. Der zukünftige Seekapitän, Sculptur 5000. —

456 1369 392 56 Rafael Ritz, in Sitten.

134 1434 1038 58 6. Der Zoologe 1500. —

410 1498 483 56 Alfred Schmidt, in Florenz.

136 1560 1028 48 7. Vorfrühling 750. —

134 1607 1012 56 8. Italienische Küstenlandschaft 750. —

402 1683 498 56 Fritz Beinke, in Düsseldorf.

132 1739 1032 58 9. Ein Schulausflug im Schwarzwald 1250. —

410 1816 477 56 W. Xylander, in München.

114 1872 1052 64 10. Fischer am Skagenrack 1000. —

432 1955 442 50 Jean Platteel, in Brüssel.

116 2014 1045 58 11. Auf einer holländischen Messe 2500. —
