1391 2233
445 297 432 52 J. H. Möller, in Zürich.

135 355 1047 52 97. Der Rheinfall bei Schaffhausen 700. —

135 414 1041 43 98. Der Zürchersee 700. —

366 480 578 55 W. Brandenburg, in Düsseldorf.

135 541 315 56 99. Am Rheine.

443 614 428 54 Frieda Völter, in Thun.

115 669 1063 51 100. Apfelblüthen, Aquarell 150. —

115 725 1061 58 101. Gefüllter Mohn, " 150 —

422 792 471 56 Philipp Röth, in München.

117 857 1059 58 102. Aus der Umgebung von München 350. —

387 930 531 54 Diethelm Meyer, in München.

115 993 1067 47 103. Mädchen aus dem Wallis 375. —

342 1066 628 54 Bertha von Tarnoczy, in München.

115 1127 1061 45 104. Abendbeleuchtung 200. —

342 1194 620 58 Frau Stoffel-Stacher, in St. Gallen.

117 1263 1059 50 105. Rosen auf dem Wege 400. —

426 1330 464 58 Adolf Stäbli, in München.

119 1390 1059 54 106. Landschaft mit Mühle bei Gewitter 2000. —

415 1468 488 52 A. Meermann, in München.

119 1525 1050 51 107. Fraueninsel im Chiemsee 850. —

359 1598 588 54 R. S. Zimmermann, in München.

119 1661 1078 56 108. Magistratssitzung auf dem Lande 750. —

487 1736 339 54 E. Menta, in Genf.

119 1801 1082 48 109. Der erste Schnee 250. —

433 1871 447 56 Niclaus Pfyffer, in Basel.

121 1933 1052 50 110. Am Waldessaume 400. —

121 1983 1083 60 111. Bei Buochs am Vierwaldstättersee 750. —
