1377 2256
553 289 396 55 Rafael Ritz, in Sitten.

216 355 1068 49 48. Vorfrühling 500. —

519 430 470 64 Eduard Pfyffer, in Zürich.

214 503 1070 49 49. Ein Appenzeller 300. —

214 560 1063 45 50. Kaffeetrinkerin 1000. —

541 648 425 55 Joseph Zahnd, in Rom.

214 716 1065 45 51. In der Campagna von Rom 600. —

515 800 472 59 Max Roman, in Karlsruhe.

214 862 1063 49 52. Im Borghettothale 300. —

534 943 438 57 Wymann-Mory, in Bern.

212 1017 1067 47 53. Im Lauterbrunnenthal 300. —

212 1071 1061 47 54. Im Emmenthal 250. —

470 1144 566 59 Frau Stockar-Escher, in Zürich.

212 1220 946 50 55. Blaue und rothe Hortensien, Aquarell.

212 1272 865 59 56. Schwarze und gelbe Pensées, ''

212 1323 865 62 57. Vogelbeeren und Hollunderbeeren, ''

212 1378 867 60 58. Vor der Kirche, ''

507 1458 465 57 Marie Kopp, in Stuttgart.

212 1526 1059 49 59. Fingerhutblüthen 500. —

494 1605 514 56 Rosa Schweninger, in Wien.

216 1671 412 54 60. Kind mit Katzen.

216 1731 615 45 61. Blumenbekränztes Mädchen.

554 1802 380 57 Kart Gehry, in Bern.

210 1876 1056 52 62. Die Erinnerung 300. —

216 1925 269 65 63. Ein Greis 250. —
