1403 2235
488 290 428 58 Arthur Calame in Gent.

188 355 1043 64 12. Olivenhain bei Mentone 2000. -

471 454 464 48 Max Roman in Karlsruhe.

188 517 1043 54 13. Motiv bei Perugia 250. -

488 601 428 54 Amalie Rost in Leipzig.

184 674 1041 50 14. Blumenbouquet 300. -

441 754 522 54 Gustav Vollenweider in Bern.

186 817 1041 47 15. Am Altar 800. -

490 895 428 51 Wymann-Mory in Bern.

182 962 1040 54 16. Die Engelsbrücke in Rom 550. -

449 1059 508 49 Frank Buchser in Solothurn.

180 1123 1044 55 17. Räuberleben in den Abruzzen 6500. -

465 1210 461 54 Anna Peters in Stuttgart.

180 1275 1038 45 18. Feldblumen 375. -

471 1344 453 58 Emil Beurmann in Basel.

178 1408 1044 48 19. Kinderporträt 350. -

514 1473 361 63 W. Benteli in Bern.

175 1542 1045 48 20. Am Brienzersee 380. -

467 1635 459 48 Edouard Castres in Genf.

173 1689 1041 48 21. Dorfbrand 5000. -

475 1817 436 62 Auguste Potter in Genf.

175 1888 1041 63 22. Sumpf bei Camargues in Genf 1200. -
