1420 2219
518 275 478 56 Konrad Grob in München.

214 340 1068 64 159. Abend am Thunersee 5000. –

566 430 372 56 Lisa Ruutz in Basel.

216 484 1066 61 160. Noch nichts verkauft 650. –

522 565 464 56 Vittorio Avanzi in Verona.

216 630 1068 54 161. Riva degli Schiavoni 250. –

216 687 1063 56 162. Morgen in Sorrent 300. –

568 758 370 53 Karl Gehry in Bern.

216 819 1063 53 163. Durchwachte Nacht 1400. –

514 894 485 56 Afred Schöck in Brunnen.

218 957 1063 65 166. Bei Sonnenuntergang an der untern Donau 800. –

514 1039 482 53 Victor Tobler in München.

214 1107 1065 52 167. Kleine Neckerei 1200. –

509 1192 488 52 Adolf Feragutti in Mailand.

214 1244 1063 61 171. Weiblicher Studienkopf 400. –

216 1305 1057 50 172. idem 400. –

549 1377 406 50 Fritz Völlmy in Basel.

216 1436 1059 47 173. Villeneuve am Genfersee 500. –

214 1486 1061 54 174. Alte Architektur in Gutach 200. –

451 1568 606 59 Vitus Staudacher in Baden-Baden.

214 1630 1063 56 175. Landschaftsbild. 180. –

531 1703 442 53 Auqust Bösch in Zürich.

214 1765 1067 61 176. Porträtbüste, Gypsmodell, Privatbesitz.

440 1851 631 55 Achilles Schlöth aus Basel in Rom.

212 1915 1063 67 177. Der Fischerknabe, Marmorstatuette 5500. –
