1415 2243
510 323 432 60 Paul Robinet in Gersau.

203 381 1043 58 48. Retour de la Forêt 300. –

203 439 1045 60 49. Plage d’Etretât 600. –

205 491 1045 62 50. Chateau de Balançon 700. –

446 571 559 57 Ludwig Skell in Tölz (Baiern).

203 635 1045 58 51. Wallgau mit dem Wettersteingebirge 200. –

205 689 1036 60 52. Tölz mit der Benediktenwand 200. –

478 766 484 56 Fanny Levy in Königsberg.

203 829 1047 58 53. Stadt und Land 500. –

205 885 1036 49 54. In der Küche 500. –

431 973 593 53 Friederike Frey in Freiburg i. B.

205 1026 1047 52 55. Apfelblüthen 350. –

207 1085 1043 45 56. Rosen 200. –

437 1145 577 53 Blanche Chavannes in Lausanne.

207 1203 1043 51 57. Une table d’Artiste 300. –

424 1280 607 62 Paul von Ravenstein in Karlsruhe.

207 1340 1043 58 58. Kapelle in Cortina d’Ampezzo 1260. –

471 1426 506 54 Julien Renevier in Lausanne.

207 1489 1045 47 59. Wo ist er 1000. –

209 1538 1054 54 60. Inneres der Kirche von Lugano 500. –

476 1624 503 56 Ewert van Muyden in Genf.

209 1689 1043 58 61. Carrière in der Campagna von Rom 1000. –

521 1757 413 59 Edouard Brot in Genf.

211 1824 1043 48 62. Marinebild 450. -

521 1893 408 56 Sophie David in Genf.

213 1958 1050 66 63 a. b. 2 Blumenstücke, pendants, zus. 500. –
