<?xml version="1.0" encoding="UTF-8"?>
<alto xmlns:xsi="http://www.w3.org/2001/XMLSchema-instance"
      xmlns="http://www.loc.gov/standards/alto/ns-v4#"
      xsi:schemaLocation="http://www.loc.gov/standards/alto/ns-v4# http://www.loc.gov/standards/alto/v4/alto-4-2.xsd">
  <Description>
    <MeasurementUnit>pixel</MeasurementUnit>
    <sourceImageInformation>
      <fileName>1886_Basel.pdf_page_7.png</fileName>
      
    </sourceImageInformation>
  </Description>
  
  <Layout>
    <Page WIDTH="1406"
          HEIGHT="2246"
          PHYSICAL_IMG_NR="4"
          ID="eSc_dummypage_">
      <PrintSpace HPOS="0"
                  VPOS="0"
                  WIDTH="1406"
                  HEIGHT="2246">
        

        
        <TextBlock ID="eSc_dummyblock_">
          
          
          <TextLine ID="eSc_line_2d536980"
                    
                    BASELINE="479 346 902 350" 
                    HPOS="477"
                    VPOS="301"
                    WIDTH="425"
                    HEIGHT="54">
            <Shape><Polygon POINTS="893 312 793 303 791 303 790 303 788 303 788 305 778 312 778 314 703 314 702 312 688 301 687 301 685 301 683 301 681 301 657 310 619 301 617 301 615 301 614 301 593 310 565 301 554 303 552 303 544 310 542 310 520 303 516 305 497 305 479 310 479 346 477 353 898 355 902 350 900 336 893 312"/></Shape>
	    <String CONTENT="Marie Sandoz in Locle."
                    HPOS="477"
                    VPOS="301"
                    WIDTH="425"
                    HEIGHT="54"></String>
          </TextLine>

          
          
          <TextLine ID="eSc_line_d4e77589"
                    
                    BASELINE="177 411 642 404 1076 409 1215 406" 
                    HPOS="174"
                    VPOS="364"
                    WIDTH="1039"
                    HEIGHT="53">
            <Shape><Polygon POINTS="175 409 175 417 1213 413 1213 404 1209 378 1091 364 1089 364 1087 364 1085 364 1085 366 1074 378 1072 379 664 379 664 378 653 368 651 368 649 368 647 368 582 374 552 364 550 364 548 364 546 364 544 364 544 366 533 378 497 364 496 364 494 364 492 364 490 364 469 379 468 379 466 379 426 364 424 364 327 364 325 364 323 364 322 364 310 374 183 364 181 364 179 364 177 364 177 366 175 366 174 366 175 409"/></Shape>
	    <String CONTENT="64. Le Gardien du logis 400. -"
                    HPOS="174"
                    VPOS="364"
                    WIDTH="1039"
                    HEIGHT="53"></String>
          </TextLine>

          
          
          <TextLine ID="eSc_line_cab50e9f"
                    
                    BASELINE="462 488 924 492" 
                    HPOS="460"
                    VPOS="441"
                    WIDTH="464"
                    HEIGHT="58">
            <Shape><Polygon POINTS="911 460 893 456 874 454 855 451 853 449 851 452 741 445 739 445 737 445 720 449 700 454 694 449 690 443 688 443 688 441 687 441 685 441 683 441 625 445 544 452 462 441 462 488 460 495 921 499 924 492 922 484 911 460"/></Shape>
	    <String CONTENT="Niclaus Pfyffer in Luzern."
                    HPOS="460"
                    VPOS="441"
                    WIDTH="464"
                    HEIGHT="58"></String>
          </TextLine>

          
          
          <TextLine ID="eSc_line_cf8d1226"
                    
                    BASELINE="177 554 726 550 1076 552 1218 548" 
                    HPOS="174"
                    VPOS="505"
                    WIDTH="1042"
                    HEIGHT="56">
            <Shape><Polygon POINTS="175 552 175 561 1215 552 1216 546 1213 520 1087 505 1085 505 1083 505 1082 505 1082 507 1069 520 1020 520 995 522 928 522 722 522 688 507 687 507 625 507 623 507 621 507 600 516 516 509 514 509 512 509 511 509 511 510 497 522 462 509 460 509 458 509 456 509 454 509 434 522 353 509 185 509 183 509 181 509 179 509 179 510 177 510 174 512 175 552"/></Shape>
	    <String CONTENT="65. Waldweg im Vorgebirge 300. -"
                    HPOS="174"
                    VPOS="505"
                    WIDTH="1042"
                    HEIGHT="56"></String>
          </TextLine>

          
          
          <TextLine ID="eSc_line_bee306cc"
                    
                    BASELINE="484 630 900 627" 
                    HPOS="483"
                    VPOS="580"
                    WIDTH="417"
                    HEIGHT="65">
            <Shape><Polygon POINTS="894 604 876 582 874 580 874 580 844 589 692 582 690 582 688 582 668 591 503 582 501 582 499 582 497 582 483 589 484 630 484 636 688 645 690 645 692 645 732 636 887 643 889 643 891 643 893 643 893 641 900 634 900 627 898 610 894 604"/></Shape>
	    <String CONTENT="August Potter in Genf."
                    HPOS="483"
                    VPOS="580"
                    WIDTH="417"
                    HEIGHT="65"></String>
          </TextLine>

          
          
          <TextLine ID="eSc_line_659a4986"
                    
                    BASELINE="175 694 848 690 1076 694 1218 688" 
                    HPOS="172"
                    VPOS="645"
                    WIDTH="1044"
                    HEIGHT="53">
            <Shape><Polygon POINTS="174 692 174 698 1216 696 1216 686 1213 660 1087 645 1085 645 1083 645 1082 645 1082 647 1069 660 851 660 831 649 829 649 827 649 825 649 823 649 797 658 756 647 754 647 752 647 750 647 748 647 748 649 739 658 728 649 728 647 726 647 724 647 722 647 720 647 696 656 675 647 673 647 672 647 670 647 668 647 668 649 655 660 460 649 458 649 456 649 454 649 443 660 410 649 408 649 254 649 252 649 250 649 248 649 248 651 237 660 226 651 226 649 224 649 222 649 187 649 185 649 183 649 181 649 181 651 172 656 174 692"/></Shape>
	    <String CONTENT="66. Hütten in Camargues bei Genf 300. -"
                    HPOS="172"
                    VPOS="645"
                    WIDTH="1044"
                    HEIGHT="53"></String>
          </TextLine>

          
          
          <TextLine ID="eSc_line_e8bcb3f4"
                    
                    BASELINE="175 746 864 746 1076 746 1215 743" 
                    HPOS="172"
                    VPOS="701"
                    WIDTH="1041"
                    HEIGHT="49">
            <Shape><Polygon POINTS="174 744 174 748 1211 750 1213 741 1209 716 1170 716 1157 703 1157 701 1155 701 1153 701 1083 701 1082 701 1080 701 1078 701 1078 703 1065 714 724 701 722 701 720 701 718 701 718 703 705 714 664 705 662 705 660 705 625 714 541 701 539 701 486 711 423 701 421 701 419 701 417 701 404 713 351 701 350 701 348 701 346 701 329 714 265 701 263 701 262 701 237 714 226 703 226 701 224 701 222 701 187 701 185 701 183 701 181 701 181 703 172 711 174 744"/></Shape>
	    <String CONTENT="67. Aus der Umgebung von Toulon 350. -"
                    HPOS="172"
                    VPOS="701"
                    WIDTH="1041"
                    HEIGHT="49"></String>
          </TextLine>

          
          
          <TextLine ID="eSc_line_d19f2d7f"
                    
                    BASELINE="479 825 904 829" 
                    HPOS="477"
                    VPOS="780"
                    WIDTH="427"
                    HEIGHT="62">
            <Shape><Polygon POINTS="479 825 477 832 503 842 505 842 507 842 902 834 904 829 902 793 612 780 610 780 479 787 479 825"/></Shape>
	    <String CONTENT="J. Reichlen in Freiburg."
                    HPOS="477"
                    VPOS="780"
                    WIDTH="427"
                    HEIGHT="62"></String>
          </TextLine>

          
          
          <TextLine ID="eSc_line_da32f14d"
                    
                    BASELINE="175 887 681 883 1069 887 1216 885" 
                    HPOS="172"
                    VPOS="844"
                    WIDTH="1043"
                    HEIGHT="46">
            <Shape><Polygon POINTS="174 885 174 890 1213 890 1215 883 1211 859 1177 859 1164 845 1164 844 1162 844 1160 844 1069 844 1067 844 1065 844 1063 844 1046 859 728 859 642 844 479 844 477 844 475 844 473 844 473 845 462 857 430 844 428 844 426 844 355 857 260 844 258 844 256 844 254 844 235 855 224 845 224 844 222 844 220 844 187 844 185 844 183 844 181 844 181 845 172 853 174 885"/></Shape>
	    <String CONTENT="68. Gang nach der Kirche 1000. -"
                    HPOS="172"
                    VPOS="844"
                    WIDTH="1043"
                    HEIGHT="46"></String>
          </TextLine>

          
          
          <TextLine ID="eSc_line_efeceaac"
                    
                    BASELINE="175 941 376 941 1076 941 1213 937" 
                    HPOS="172"
                    VPOS="902"
                    WIDTH="1039"
                    HEIGHT="43">
            <Shape><Polygon POINTS="174 939 174 945 1211 945 1211 935 1207 913 1078 902 1076 902 1074 902 1054 911 1040 915 376 915 353 904 351 902 350 902 252 902 250 902 248 902 247 902 247 904 237 911 226 902 224 902 222 902 172 902 174 939"/></Shape>
	    <String CONTENT="69. Studie 350. -"
                    HPOS="172"
                    VPOS="902"
                    WIDTH="1039"
                    HEIGHT="43"></String>
          </TextLine>

          
          
          <TextLine ID="eSc_line_b4de1ca6"
                    
                    BASELINE="477 1012 909 1012" 
                    HPOS="477"
                    VPOS="977"
                    WIDTH="432"
                    HEIGHT="46">
            <Shape><Polygon POINTS="477 1012 477 1023 909 1023 909 1012 909 977 477 977 477 1012"/></Shape>
	    <String CONTENT="Jost Muheim in Luzern."
                    HPOS="477"
                    VPOS="977"
                    WIDTH="432"
                    HEIGHT="46"></String>
          </TextLine>

          
          
          <TextLine ID="eSc_line_9cb82663"
                    
                    BASELINE="177 1076 872 1072 1076 1072 1218 1072" 
                    HPOS="174"
                    VPOS="1027"
                    WIDTH="1042"
                    HEIGHT="51">
            <Shape><Polygon POINTS="175 1074 175 1078 1216 1076 1216 1070 1215 1040 1085 1027 1083 1027 1082 1027 1080 1027 1080 1029 1069 1040 1027 1040 1012 1027 1010 1027 1009 1027 1007 1027 1005 1027 960 1040 952 1040 915 1040 677 1029 675 1029 673 1029 647 1038 599 1029 597 1029 595 1029 593 1029 593 1031 584 1040 582 1040 576 1040 535 1033 533 1033 531 1033 529 1033 529 1035 524 1040 522 1042 518 1040 501 1031 499 1031 497 1031 496 1031 477 1040 469 1042 462 1040 439 1031 438 1031 436 1031 434 1031 432 1031 419 1040 417 1040 413 1040 385 1031 383 1031 381 1031 174 1038 175 1074"/></Shape>
	    <String CONTENT="70. Kerstelenbach im Maderanerthal 500. -"
                    HPOS="174"
                    VPOS="1027"
                    WIDTH="1042"
                    HEIGHT="51"></String>
          </TextLine>

          
          
          <TextLine ID="eSc_line_405d91a8"
                    
                    BASELINE="469 1154 913 1158" 
                    HPOS="468"
                    VPOS="1109"
                    WIDTH="445"
                    HEIGHT="64">
            <Shape><Polygon POINTS="900 1128 896 1113 894 1111 893 1111 891 1111 814 1111 812 1111 810 1111 808 1111 808 1113 799 1121 771 1111 769 1111 767 1111 765 1111 763 1111 752 1119 750 1121 739 1119 683 1109 681 1109 640 1117 623 1119 469 1113 469 1115 469 1154 468 1166 475 1171 477 1171 479 1171 481 1171 673 1164 696 1173 698 1173 700 1173 911 1164 913 1158 909 1143 900 1128"/></Shape>
	    <String CONTENT="J. Baumgartner in Bern."
                    HPOS="468"
                    VPOS="1109"
                    WIDTH="445"
                    HEIGHT="64"></String>
          </TextLine>

          
          
          <TextLine ID="eSc_line_6f7ceaf6"
                    
                    BASELINE="177 1216 645 1220 857 1218 1050 1216 1078 1216 1216 1216" 
                    HPOS="174"
                    VPOS="1173"
                    WIDTH="1041"
                    HEIGHT="52">
            <Shape><Polygon POINTS="175 1214 174 1225 1213 1220 1215 1214 1211 1188 1158 1188 1157 1186 1145 1177 1145 1175 1143 1175 1142 1175 1100 1175 1098 1175 1097 1175 1095 1175 1095 1177 1083 1186 1082 1190 1039 1190 1035 1186 1025 1177 1025 1175 1024 1175 1022 1175 1020 1175 898 1184 894 1184 879 1175 878 1175 876 1175 874 1175 872 1175 870 1175 870 1177 861 1184 857 1190 621 1190 614 1182 604 1175 604 1173 602 1173 600 1173 599 1173 597 1173 574 1182 571 1184 567 1182 554 1173 552 1173 550 1173 548 1173 175 1179 175 1214"/></Shape>
	    <String CONTENT="71. Bei Nieder-Lindach, Aquarell 90. -"
                    HPOS="174"
                    VPOS="1173"
                    WIDTH="1041"
                    HEIGHT="52"></String>
          </TextLine>

          
          
          <TextLine ID="eSc_line_1fd9ab44"
                    
                    BASELINE="177 1268 909 1272 926 1272 969 1276 1098 1270 1213 1268" 
                    HPOS="174"
                    VPOS="1227"
                    WIDTH="1037"
                    HEIGHT="49">
            <Shape><Polygon POINTS="175 1267 174 1274 1207 1276 1211 1267 1211 1240 1196 1231 1194 1231 1192 1231 1190 1231 1188 1231 1158 1240 1147 1231 1147 1229 1145 1229 1143 1229 1100 1229 1098 1229 1097 1229 1095 1229 1095 1231 1085 1240 1083 1242 898 1242 894 1239 887 1231 887 1229 885 1229 883 1229 698 1229 696 1229 694 1229 692 1229 692 1231 687 1237 681 1240 655 1237 602 1227 406 1227 404 1227 402 1227 400 1227 400 1229 395 1235 391 1237 376 1233 342 1227 340 1227 338 1227 336 1227 336 1229 331 1233 325 1239 299 1233 269 1227 267 1227 265 1227 263 1227 256 1233 247 1239 232 1233 219 1227 217 1227 215 1227 175 1231 175 1267"/></Shape>
	    <String CONTENT="72. Aus der Umgegend von Jegenstorf, &quot; 90. —"
                    HPOS="174"
                    VPOS="1227"
                    WIDTH="1037"
                    HEIGHT="49"></String>
          </TextLine>

          
          
          <TextLine ID="eSc_line_ed11969c"
                    
                    BASELINE="177 1319 894 1323 930 1327 966 1327 1095 1323 1211 1319" 
                    HPOS="174"
                    VPOS="1278"
                    WIDTH="1035"
                    HEIGHT="62">
            <Shape><Polygon POINTS="175 1317 174 1332 499 1338 501 1338 503 1338 520 1330 533 1327 548 1330 571 1338 572 1338 574 1338 576 1338 599 1330 614 1327 634 1330 677 1340 679 1340 750 1330 767 1328 784 1330 874 1340 876 1340 878 1340 879 1340 896 1328 898 1328 913 1340 915 1340 917 1340 919 1340 971 1330 997 1340 999 1340 1001 1340 1003 1340 1005 1340 1005 1338 1016 1328 1207 1328 1209 1317 1201 1280 1158 1293 1145 1282 1145 1280 1143 1280 1142 1280 1100 1280 1098 1280 1097 1280 1095 1280 1095 1282 1082 1295 876 1295 864 1283 864 1282 863 1282 861 1282 806 1280 805 1280 803 1280 797 1282 763 1293 733 1282 728 1280 726 1280 724 1280 722 1280 720 1280 718 1282 705 1291 664 1282 642 1278 640 1278 638 1278 636 1278 630 1282 617 1291 606 1282 602 1278 600 1278 599 1278 554 1278 552 1278 550 1278 548 1278 548 1280 544 1283 537 1291 518 1283 505 1278 503 1278 466 1278 464 1278 462 1278 460 1278 460 1280 456 1283 447 1293 351 1293 338 1283 331 1278 329 1278 327 1278 254 1278 252 1278 250 1278 248 1278 248 1280 243 1283 237 1289 230 1283 220 1278 219 1278 217 1278 215 1278 175 1283 175 1317"/></Shape>
	    <String CONTENT="73. Blick vom Via del Arco in Rom, &quot; 90. -"
                    HPOS="174"
                    VPOS="1278"
                    WIDTH="1035"
                    HEIGHT="62"></String>
          </TextLine>

          
          
          <TextLine ID="eSc_line_625590a7"
                    
                    BASELINE="503 1403 874 1400" 
                    HPOS="501"
                    VPOS="1356"
                    WIDTH="373"
                    HEIGHT="58">
            <Shape><Polygon POINTS="503 1403 503 1411 872 1414 874 1400 870 1366 692 1356 690 1356 688 1356 687 1356 687 1358 685 1358 679 1366 512 1358 511 1358 509 1358 507 1358 507 1360 501 1364 503 1403"/></Shape>
	    <String CONTENT="Joh. Zahnd in Bern."
                    HPOS="501"
                    VPOS="1356"
                    WIDTH="373"
                    HEIGHT="58"></String>
          </TextLine>

          
          
          <TextLine ID="eSc_line_ee35b00d"
                    
                    BASELINE="177 1463 726 1463 1076 1463 1213 1458" 
                    HPOS="174"
                    VPOS="1420"
                    WIDTH="1037"
                    HEIGHT="53">
            <Shape><Polygon POINTS="175 1461 175 1473 1209 1465 1211 1456 1207 1435 1155 1435 1155 1433 1142 1422 1142 1420 1140 1420 1138 1420 1082 1420 1080 1420 1078 1420 1076 1420 1076 1422 1065 1433 1061 1435 857 1429 449 1420 447 1420 445 1420 443 1420 436 1426 424 1435 396 1426 380 1420 378 1420 262 1420 260 1420 258 1420 256 1420 252 1424 237 1433 226 1424 224 1422 224 1420 222 1420 220 1420 219 1420 174 1422 175 1461"/></Shape>
	    <String CONTENT="74. Aus dem Albanergebirge 200. -"
                    HPOS="174"
                    VPOS="1420"
                    WIDTH="1037"
                    HEIGHT="53"></String>
          </TextLine>

          
          
          <TextLine ID="eSc_line_4aab4f37"
                    
                    BASELINE="175 1516 546 1514 1074 1514 1211 1514" 
                    HPOS="172"
                    VPOS="1474"
                    WIDTH="1037"
                    HEIGHT="45">
            <Shape><Polygon POINTS="174 1514 174 1517 1207 1519 1209 1512 1207 1489 1160 1489 1160 1487 1145 1476 1145 1474 1143 1474 1142 1474 1080 1474 1078 1474 1076 1474 1074 1474 1074 1476 1063 1487 1061 1489 552 1489 541 1480 539 1478 537 1478 535 1478 344 1474 342 1474 340 1474 338 1474 335 1478 320 1487 271 1476 258 1474 256 1474 254 1474 252 1474 250 1476 235 1486 226 1476 224 1476 224 1474 222 1474 220 1474 219 1474 172 1474 174 1514"/></Shape>
	    <String CONTENT="75. Am Albanersee 200. -"
                    HPOS="172"
                    VPOS="1474"
                    WIDTH="1037"
                    HEIGHT="45"></String>
          </TextLine>

          
          
          <TextLine ID="eSc_line_19cd6635"
                    
                    BASELINE="460 1589 926 1592" 
                    HPOS="458"
                    VPOS="1545"
                    WIDTH="468"
                    HEIGHT="55">
            <Shape><Polygon POINTS="872 1551 853 1549 844 1547 773 1555 735 1557 724 1553 707 1547 705 1547 703 1547 702 1547 700 1547 700 1549 696 1553 690 1557 659 1551 619 1545 617 1545 615 1545 604 1549 595 1555 584 1549 574 1545 572 1545 571 1545 569 1545 556 1549 531 1555 460 1547 460 1589 458 1596 922 1600 926 1592 909 1557 883 1551 872 1551"/></Shape>
	    <String CONTENT="Th. Kleehaas in München."
                    HPOS="458"
                    VPOS="1545"
                    WIDTH="468"
                    HEIGHT="55"></String>
          </TextLine>

          
          
          <TextLine ID="eSc_line_1f41b64a"
                    
                    BASELINE="175 1654 484 1650 1076 1652 1211 1648" 
                    HPOS="172"
                    VPOS="1609"
                    WIDTH="1037"
                    HEIGHT="56">
            <Shape><Polygon POINTS="174 1652 174 1665 454 1663 456 1663 458 1663 481 1654 516 1663 524 1663 526 1663 527 1663 531 1662 559 1654 597 1662 608 1663 610 1663 612 1663 615 1662 632 1654 838 1654 844 1660 848 1662 848 1663 849 1663 851 1663 853 1663 1207 1654 1209 1647 1205 1622 1151 1609 1082 1609 1080 1609 1078 1609 1076 1609 1057 1620 1055 1620 172 1617 174 1652"/></Shape>
	    <String CONTENT="77. Am Fenster 375. -"
                    HPOS="172"
                    VPOS="1609"
                    WIDTH="1037"
                    HEIGHT="56"></String>
          </TextLine>

          
          
          <TextLine ID="eSc_line_dc8fc368"
                    
                    BASELINE="471 1725 902 1725" 
                    HPOS="471"
                    VPOS="1678"
                    WIDTH="431"
                    HEIGHT="58">
            <Shape><Polygon POINTS="887 1690 816 1678 814 1678 812 1678 790 1690 788 1690 786 1690 746 1678 745 1678 743 1678 741 1678 739 1678 728 1688 724 1690 717 1688 660 1678 585 1678 584 1678 582 1678 580 1678 572 1686 569 1690 563 1686 552 1680 550 1680 548 1680 471 1684 471 1725 471 1736 902 1736 902 1725 900 1720 887 1690"/></Shape>
	    <String CONTENT=" Emil Gilliéron in Athen."
                    HPOS="471"
                    VPOS="1678"
                    WIDTH="431"
                    HEIGHT="58"></String>
          </TextLine>

          
          
          <TextLine ID="eSc_line_534eac8a"
                    
                    BASELINE="174 1785 715 1785 1059 1785 1216 1785" 
                    HPOS="172"
                    VPOS="1744"
                    WIDTH="1043"
                    HEIGHT="47">
            <Shape><Polygon POINTS="172 1783 172 1791 1215 1791 1215 1783 1215 1759 1157 1759 1157 1757 1143 1746 1143 1744 1142 1744 1140 1744 1067 1744 1065 1744 1063 1744 1061 1744 1061 1746 1048 1757 1046 1759 713 1759 694 1753 655 1744 606 1744 604 1744 602 1744 600 1744 600 1746 593 1753 591 1755 585 1753 565 1744 563 1744 561 1744 469 1751 441 1753 438 1751 432 1746 432 1744 430 1744 428 1744 338 1744 336 1744 335 1744 333 1744 333 1746 327 1750 322 1755 288 1750 250 1744 248 1744 247 1744 245 1744 245 1746 239 1750 235 1755 228 1750 224 1746 224 1744 222 1744 220 1744 219 1744 172 1748 172 1783"/></Shape>
	    <String CONTENT="80. Der Parthenon in Athen 1000. -"
                    HPOS="172"
                    VPOS="1744"
                    WIDTH="1043"
                    HEIGHT="47"></String>
          </TextLine>

          
          
          <TextLine ID="eSc_line_efb51ecc"
                    
                    BASELINE="439 1867 945 1867" 
                    HPOS="439"
                    VPOS="1828"
                    WIDTH="506"
                    HEIGHT="53">
            <Shape><Polygon POINTS="439 1867 439 1881 945 1875 945 1867 945 1834 439 1828 439 1867"/></Shape>
	    <String CONTENT="E. Schatzmann in Lausanne."
                    HPOS="439"
                    VPOS="1828"
                    WIDTH="506"
                    HEIGHT="53"></String>
          </TextLine>

          
          
          <TextLine ID="eSc_line_b8182f77"
                    
                    BASELINE="170 1927 466 1931 722 1927 891 1924 1093 1927 1215 1922" 
                    HPOS="166"
                    VPOS="1884"
                    WIDTH="1047"
                    HEIGHT="47">
            <Shape><Polygon POINTS="168 1925 168 1931 1211 1929 1213 1920 1207 1897 1179 1897 1177 1895 1166 1886 1166 1884 1164 1884 1162 1884 1108 1884 1106 1884 1104 1884 1102 1884 1102 1886 1091 1895 1089 1897 1057 1895 879 1884 878 1884 799 1894 737 1884 735 1884 733 1884 732 1884 732 1886 722 1895 718 1899 454 1899 441 1894 413 1884 411 1884 410 1884 166 1892 168 1925"/></Shape>
	    <String CONTENT="83. Bei Ouchy, Aquarell 40. -"
                    HPOS="166"
                    VPOS="1884"
                    WIDTH="1047"
                    HEIGHT="47"></String>
          </TextLine>

          
          
          <TextLine ID="eSc_line_5886808c"
                    
                    BASELINE="172 1980 687 1980 796 1982 832 1981 1093 1978 1211 1974" 
                    HPOS="168"
                    VPOS="1935"
                    WIDTH="1041"
                    HEIGHT="65">
            <Shape><Polygon POINTS="170 1978 172 2000 198 1987 277 1998 278 1998 280 1998 282 1998 297 1989 381 1998 387 1998 389 1998 396 1998 496 1987 511 1998 512 1998 514 1998 516 2000 677 2000 677 1998 679 1998 681 1998 681 1997 683 1997 690 1989 790 1995 820 1997 821 1997 823 1997 825 1997 825 1995 836 1985 913 1985 924 1995 926 1997 928 1997 930 1997 932 1997 949 1995 994 1985 1007 1993 1010 1997 1012 1997 1014 1997 1016 1997 1018 1997 1029 1993 1055 1985 1205 1991 1209 1972 1205 1950 1155 1950 1155 1948 1142 1937 1142 1935 1140 1935 1138 1935 1102 1935 1100 1935 1098 1935 1097 1935 1097 1937 1083 1948 1082 1952 683 1952 675 1944 668 1939 668 1937 666 1937 664 1937 662 1937 591 1944 572 1946 569 1944 554 1937 552 1937 449 1937 447 1937 445 1937 443 1937 443 1939 438 1944 436 1944 428 1937 426 1937 424 1937 423 1937 168 1940 170 1978"/></Shape>
	    <String CONTENT="84. Tschingel im Kienthal, &quot; 80. -"
                    HPOS="168"
                    VPOS="1935"
                    WIDTH="1041"
                    HEIGHT="65"></String>
          </TextLine>

          
        </TextBlock>
        
      </PrintSpace>
    </Page>
  </Layout>
</alto>
