1395 2251
429 320 434 49 Paul Robinet in Gersau.

108 375 1067 56 143. Trappisten als Gärtner 1200. –

377 457 541 58 Marie Hurter in Schaffhausen.

108 521 1069 60 144. Rosen, Aquarell 150. –

414 596 460 53 Lorenz Rüdisüli in Basel.

107 652 1070 53 145. Herbstspätabend 1800. –

431 733 425 49 Jakob Böhme in Basel.

107 791 1068 47 146. Winterastern 400. –

390 862 492 57 J. Chelminsky in München.

107 930 1066 56 147. Schlittenparthie in Russland 800. –

362 1007 567 52 Gustav Kampmann in München.

107 1067 1062 43 148. Aus Tirol 375. –

107 1119 1058 53 149. Herbstmorgen in Tirol 375. –

384 1196 526 47 Josef Schoyerer in München.

108 1253 1059 46 150. Der Urnersee 800. –

326 1322 637 62 Hans Garnjobst aus Basel, in Rom.

107 1399 1066 37 151. Fantasie 550. –

116 1436 1051 57 153. Römische Landschaft, Aquarell 280. –

107 1493 1060 58 154. Kopf eines alten Mannes, " 150. –

413 1577 461 47 Philipp Röth in München.

107 1633 1062 49 155. Am Waldessaum 600. –

107 1684 1062 62 156. Aus der Umgebung von München 350. –

405 1757 481 56 Maria Budinczky in Wien.

107 1817 1060 60 157. Die Dämmerstunde 750. –

403 1888 473 70 Th. Kleehaas in München.

105 1950 1059 64 158. Schwarzwälderin 200. –
