1402 2268
575 249 497 68 Wymann-Mory in Bern.

280 311 1038 59 63. Nach dem Regen 130

281 368 1037 44 64. Im Lauterbrunnenthal 250

575 468 433 57 Gustav Castan in Genf.

280 534 1038 68 65. Waldbach im Winter 1000

474 595 629 60 (Von Basel in die Verloosung gekauft.)

577 686 431 70 Wymann-Mory in Bern.

280 759 1038 55 66. Bei Guggisberg 280

558 861 461 57 Marie Baap in Hamburg.

280 933 1038 46 67. Aus meinem Garten 360

527 1033 528 61 Fernand Gaulis in Lausanne.

281 1105 1037 38 69. Genfersee bei Lausanne 1500

556 1198 471 49 Leon Delachaux in Paris.

283 1262 1033 59 70. Fischermädchen 360

541 1364 493 47 Josef Geisser in Lausanne.

283 1413 1033 66 71. Gletscher von Courmayeur 450

281 1474 1033 45 72. Motiv aus dem Thale von Plon 180

283 1515 1031 51 73. Geisshütte am Felsen 200

543 1648 491 53 Helene Stromeyer in Genf.

283 1714 1033 66 76. Ein Kranz 1030

471 1806 639 68 Louis Mennet in Bégnins (Waadt).

281 1863 1035 62 78. Am Genfersee 240

281 1925 1033 53 79. Motiv bei Amsterdam 280

283 1965 1031 68 81. Erinnerung an Holland 200
