1394 2241
168 263 975 65 Zur Unterstützung der Bestrebungen der zürcherischen

82 308 463 52 Künstlergesellschaft ist ein

373 403 477 71 Kunstverein

80 513 1061 60 gegründet worden, der unter der Leitung des Vorstandes der

78 565 441 55 Künstlergesellschaft steht.

168 623 973 58 Der Eintritt in den Kunstverein steht Jedermann und zu

78 676 1061 63 jeder Zeit offen durch Uebernahme einer oder mehrerer Aktien

80 728 1018 58 zu jährlich 10 Fr., welche beim Quästor zu beziehen sind.

173 791 964 56 Von dem Jahresbeitrage von 10 Fr. pro Aktie werden

85 844 189 56 verwendet:

160 898 977 61 a) 5 Fr. zu Ankäufen für die jährlichen Kunstverloosungen.

162 959 977 69 b) 1 1/2 Fr. für ein Vereinsblatt, dessen Auswahl dem

213 1015 401 51 Kunstvereine zukömmt.

162 1060 977 56 c) 2 1/2 Fr. zu Ankäufen auf den Kunstausstellungen zu

213 1124 924 46 Handen der Gemäldesammlung der Künstlergesellschaft.

160 1167 976 56 d) 1 Fr. als Beitrag an die Kosten der Kunstausstellungen.

164 1232 975 60 Findet in einem Jahre keine Ausstellung statt, so werden

82 1284 1054 68 obige Beiträge im nämlichen Verhältnisse zu gleichen Zwecken

82 1335 682 60 auf das nächstfolgende Jahr übertragen.

168 1395 826 56 Die Mitglieder des Kunstvereins sind berechtigt:

164 1460 972 50 1. zur Theilnahme an der Verloosung im Verhältnisse ihrer

211 1510 203 54 Aktienzahl;

164 1555 972 60 2. zum Bezug eines Vereinsblattes, so oft die Herausgabe

211 1617 448 52 eines solchen möglich ist;

164 1662 973 57 3. zum freien Eintritt zu sämmtlichen von der Künstler-

213 1721 687 56 gesellschaft veranstalteten Ausstellungen.

166 1774 925 59 Der Austritt aus dem Kunstverein steht jederzeit frei.
