1254 2077
202 223 717 60 Louis Mennet in Bégnins (Waadt).

79 299 953 40 78. Am Genfersee 240

77 342 955 50 79. Motiv bei Amsterdam 280

76 399 954 45 80. Wintermorgen 160

77 448 955 50 81. Erinnerung an Holland 200

252 514 610 53 S. de Niederhäusern in Genf.

79 578 953 46 83. Der verdorrte Tannenbaum 300

322 638 483 56 Wymann-Mory in Bern.

77 702 953 47 84. Sommertag am Murtensee 180

225 775 679 54 Victor Puhonny in Baden-Baden.

79 839 955 54 87. Mühle bei Gutach in Baden in die Ver- 125

77 903 955 42 88. Waldinneres loosung gew. 125

77 950 955 48 89. Aus der Umgebung von Baden-Baden 150

77 1009 953 43 90. Idem 150

258 1069 608 54 Franz Leinecker in München.

77 1135 955 41 91. Castel Teno 500

77 1187 955 43 92. Malcesina 500

284 1258 556 53 A. von Bongé in München.

77 1320 957 50 93. Bauer aus Baiern 200

316 1395 498 53 A. Esinger in München.

77 1452 958 46 95. Hühner und Fische 300

79 1514 953 43 96. Trauben 200

150 1587 823 53 Emil Beurmann von Basel in München.

79 1649 956 43 97. Studienkopf 200

294 1710 533 57 A. Wasinger in München.

83 1770 954 52 100. Schwäbin, Marmorbüste 300
