1240 2105
458 238 543 53 Wilhelm Benteli in Bern.

244 294 955 56 56. Die Blümlisalp 430

440 361 571 54 Chr. Baumgartner in Bern.

242 419 955 52 60. Iseltwald am Brienzersee (Aquarell) 100

242 473 955 47 61. Ob Lauterbrunnen idem 100

488 538 481 63 Wymann-Mory in Bern.

242 605 957 44 63. Nach dem Regen 130

244 654 955 44 64. Im Lauterbrunnenthal 250

484 720 480 55 Gustav Castan in Genf.

244 780 953 47 65. Waldbach im Winter 1000

405 829 631 51 (Von Basel in die Verloosung gekauft.)

490 892 483 53 Wymann-Mory in Bern.

242 949 955 45 66. Bei Guggisberg 280

470 1008 517 56 Marie Baap in Hamburg.

244 1066 955 44 67. Aus meinem Garten 350

428 1134 601 53 Fernand Gaulis in Lausanne.

245 1191 954 47 69. Genfersee bei Lausanne 1500

458 1254 534 52 Leon Delachaux in Paris.

245 1312 954 43 70. Fischermädchen 350

447 1371 552 55 Josef Geisser in Lausanne.

247 1434 952 44 71. Gletscher von Courmayeur 450

247 1482 952 51 72. Motiv aus dem Thale von Plon 180

249 1536 950 48 73. Geisshütte am Felsen 200

491 1598 471 57 Sophie David in Genf.

247 1657 952 49 74. Kirche St-Pierre in Genf 350

389 1724 671 56 Helene Stromeyer in Karlsruhe.

249 1785 952 51 76. Ein Kranz 1000
