1304 2126
395 161 613 51 Mlle. Henriette Kelly. St. Gallen.

164 201 1060 71 187. Morgen am Ufer des See's 40

411 263 577 62 Mdme. Stockar-Escher Zürich.

171 315 372 57 188. Johannisbeeren

161 364 281 61 189. Stilleben

170 414 404 59 190. Die alte Näherin

170 460 450 57 191. Thierleben im Gras

171 510 943 60 192. Blumen: A. Geranium; B. Lilie; C. Dahlia;

306 559 213 59 D. Fuchsia.

168 605 939 66 193. Die Vogel im Winter: A. verhungert; B. er-

315 659 602 58 würgt; C. gefangen; D. gefüttert

506 731 388 57 H. Terry. Lausanne.

164 777 1063 55 196. Bielersee. Gewitter 250

164 829 1063 51 197. id. Sonnenuntergang 250

170 880 995 55 198. St.-Prex (Aquarell). (Von Lausanne in die Verloosung

306 931 920 48 gewählt) 150

168 967 974 60 199 bis. Lithographie nach einem Bild von Ch. Humbert

310 1024 820 51 im Museum in Lausanne, den Mitgliedern des

317 1070 691 51 waadtländischen Kunstvereins gewidmet

457 1130 480 55 Mlle. Erica Lagier. Genf.

163 1179 1064 61 200. Milchbrüder 300

504 1241 388 54 J. Bonnet Freiburg.

161 1291 1066 53 205. Strasse in Rom (in Aarau verkauft) 500

453 1357 491 55 Mdme. Landesmann. Genf.

161 1408 1066 51 206. Gebet 350

163 1454 1064 55 207. Kleine Gevatterin 250

163 1504 1064 51 208. Brienzersee 250

416 1567 563 54 Mlle. Erica Lagier. Lausanne.

164 1612 1065 60 209. Die kleine Kranke 500

467 1677 459 53 Gustave Courbet. Vevey.

163 1723 1063 59 211. Grotte des Géants, bei Saillon (Wallis) 2500

163 1775 1064 63 212. Stillleben. Forellen der Lou. Doubs 7000

166 1826 1061 64 213. Schloss Chillon 1000
