1304 2126
476 157 436 71 Anna Peters. Stuttgart.

161 203 1061 69 124. Frühlingsblumen 630

494 265 409 64 J. Kracker. München.

163 315 962 57 127. Wallensteins Generale an der Tafel zu Pilsen in

302 364 821 70 Böhmen. Stich nach J. Scholtz. (Ohne Rah¬

299 416 925 60 men Fr. 115) 160

434 474 513 61 Elisabeth Kelly. St. Gallen.

157 526 1067 63 131. Chailly. Genfersee 800

513 584 358 66 F. Musin, Brüssel.

161 637 1061 64 133. Aussicht bei Tamise auf die Schelde 2200

451 705 488 51 Charles Humbert. Founex.

161 751 1065 72 134. Wiese im Herbst bei Founex (Waadt) [verkauft] 2500

450 825 485 64 Oscar Bastian. Lausanne.

161 873 1063 64 137. Die Entdeckung 800

161 928 1063 51 138. Zu spät 300

432 983 515 58 Fréd. d’Andiran. Lausanne.

161 1031 1063 56 142. Ufer der Léta bei Quimperlé 2000

442 1096 504 55 J. S. Guignard. Lausanne.

163 1149 962 62 145. Am Thunersee bei Neuhaus. (Von Lausanne in

301 1197 923 64 die Verloosung gewählt) 300

489 1261 411 55 J. Geisser. Lausanne.

161 1305 1063 57 148. Champey-See. Wallis 850

163 1355 978 58 149. Landschaft in den Waadtländer Alpen. (Von Lau¬

301 1413 921 52 sanne in die Verloosung gewählt) 850

481 1477 429 59 Rud. Poöppel München.

164 1525 961 57 153. Landschaft in der Nähe von München. (Von Lau¬

301 1575 923 60 sanne in die Verloosung gewählt) 550

446 1645 498 55 Louis Correggio. München.

157 1693 1065 64 157. See von Piburg. Oetz-Thal 350

506 1766 378 57 S. Delapeine. Genf.

157 1812 1061 67 158. La petite Afrique zwischen Nina und Monaco 300

161 1865 1061 74 159. Am Morgen bei Brunnen (Vierwaldstättersee) 225
