1385 2229
412.0 306.0 707.0 52.0 Blanche Chavannes in Lausannes.

234.0 367.0 422.0 54.0 57. Une table d’Artiste.

399.0 456.0 729.0 58.0 Paul von Ravenstein in Karlsruhe.

232.0 525.0 608.0 60.0 58. Kapelle in Cortina d’Ampezzo.

461.0 612.0 611.0 58.0 Julien Renevier in Lausanne.

237.0 685.0 638.0 52.0 60. Inneres der Kirche von Lugano.

477.0 769.0 578.0 57.0 Ewert van Muyden in Genf.

236.0 839.0 712.0 50.0 61. Carrière in der Campagna von Rom.

347.0 891.0 835.0 50.0 (Von der Sektion Basel in die Verloosung gewählt.)

529.0 967.0 471.0 58.0 Sophie David in Genf.

243.0 1032.0 684.0 52.0 63 a. b. 2 Blumenstücke, pendants, zus.

524.0 1131.0 487.0 57.0 Marie Sandoz in Locle.

237.0 1196.0 441.0 50.0 64. Le Gardien du logis.

490.0 1277.0 549.0 62.0 Niclaus Pfyffer in Luzern.

241.0 1363.0 511.0 41.0 65. Waldweg im Vorgebirge.

526.0 1465.0 485.0 45.0 August Potter in Genf.

241.0 1528.0 621.0 49.0 66. Hütten in Camargues bei Genf.

239.0 1569.0 638.0 50.0 67. Aus der Umgebung von Toulon.

509.0 1668.0 515.0 46.0 J. Reichlen in Freiburg.

243.0 1731.0 478.0 52.0 68. Gang nach der Kirche.

241.0 1775.0 199.0 50.0 69. Studie.

516.0 1857.0 508.0 56.0 Jost Muheim in Luzern.

249.0 1935.0 626.0 46.0 70. Kerstelenbach im Maderanerthal.
