1255 2167
376 274 627 52 David Sulzer, in Winterthur.

160 343 1062 50 248. Die Ueberraschung. Fr. 210

439 417 512 57 Jul. Sulzer, in Mailand.

160 496 863 43 249. Die Stiftung der Universitaät Basel im J. 1460.

157 538 1061 50 250. Ungarische Husaren. — Streifkommando (Graf Radetzky

254 599 977 34 Regiment). Fr. 230.

157 642 1060 53 251. Halt von Wagenbedeckung bei einem italienischen Wirths-

240 693 995 52 hause (II. k. k. Husarenregiment). Fr. 459.

155 742 1062 54 252. Husaren-Vedette. Ungarn 1849. Fr. 60.

412 818 557 61 L. Tanner, in St. Gallen.

155 890 1060 50 253. Die Instruktion. Fr. 200.

157 940 392 55 254. Ein Familienstück.

155 991 1058 52 255. Der Kranke und der Arzt (Farbenskizze). Fr. 190.

421 1067 532 68 Eugenia Tagan, in Genf.

155 1137 1054 51 256. Schloss Chatelard bei Vivis. Fr. 200.

159 1199 488 48 257. Ansicht vom Montblank.

377 1253 615 65 Friedr. Thurau, in Constanz.

157 1330 1056 44 258. Koster Münsterlingen (in der Verloosung St. Gallen). Fr. 289.

155 1377 1056 49 259. Morgen am See. Fr. 296.

385 1435 600 60 Usteri-Wegmann, in Zürich.

153 1509 1062 49 260. Im Rheinthal bei Werdenberg. Fr. 140.

414 1572 540 58 Ludwig Vogel, in Zürich.

153 1645 1058 48 261. Kapuziner-Refektorium. Fr. 600.

157 1693 398 53 262. Appenzellerfamilie.

155 1744 1051 50 263. Messe im Wildkirchli (Kt. Appenzell). Fr. 1000.

434 1807 499 58 Paul Vaucher, in Genf.

153 1879 1054 53 264. Ansicht des St. Jevirethales in Savoyen. Fr. 150.
