1358 2252
490 255 516 52 Aug. Herose, in Aarau.

212 322 1063 45 95. Abend in Venedig. Fr. 150.

214 371 1061 53 96. Eine Familie Auswanderer aus dem Berner Oberlande sieht,

300 424 986 48 indem sie die Vogesen überschreitet, zum letzen Male die

302 478 988 53 vaterländischen  Hochgebirge. Fr. 250.

467 549 556 59 Friedr. Horner, in Basel.

212 623 1057 48 97. Aus der Umgegend von Palermo, gegen den Monte Pelle¬

291 681 999 39 grino (Aquarell). Fr. 400.

212 724 1059 52 98. Gegend von Cori im Römischen. Fr. 1100.

493 808 496 60 W. Huber, in Zürich.

214 889 713 47 99. Der Seehafen von Palermo (verkauft).

212 934 1057 56 100. Am Ende des Grossthales von Glarus. Fr. 280.

336 1022 813 62 Hieron. Hünerwadel, in Schaffhausen.

212 1097 1053 51 101. Eine Antwerperin (verkauft). Fr 500.

214 1146 537 53 102. Porträt von Fräulein K. H.

214 1202 405 47 103. Männliches Porträt.

214 1247 407 55 104. Männliches Porträt.

210 1304 1059 45 105. Studie, männlicher Kopf. Fr. 200.

452 1390 573 66 Jäggi, aus Basel, in Genf.

210 1461 1059 51 106. Grössere Baumparthie mit einer Gaisse. Fr. 85.

210 1527 1061 34 107. Kleinere dito. Fr. 34.

210 1568 1061 44 108. Baumstudien. Fr 34.

210 1617 1059 47 109. Seeufer mit Bleiche. Fr. 54.

208 1670 1059 49 110. Landschaft mit Sumpf. Fr. 54.

480 1756 515 58 Andr. Jecklin, in Genf.

208 1827 1057 47 111. Weidende Gemsen. Fr. 275.

208 1878 1056 51 112. Gejagte Gemsen (in die Verloosung Bern). Fr. 275.
