1339 2225
222 252 1007 63 Viktor Schneider, in St. Fiden, bei St. Gallen.

192 328 1059 48 216. Die tröstende Freundin. Fr. 110.

192 385 1059 41 217. Das Kaffee-Mütterchen. Fr. 55.

192 430 1059 48 218. Der Alte beim Schnäpschen. Fr. 55.

376 519 695 53 J. Schwegler, Vater, in Luzern.

192 589 1059 48 219. Bei Greppen, am Vierwaldstattersee. Fr. 160.

363 661 721 60 Xv. Schwegler, Sohn, in Luzern.

191 734 1060 52 220. Parthie am Vierwaldstättersee (in die Verloosung Luzern).

1110 788 152 48 Fr. 130.

437 867 579 61 August Seidl, in München.

192 938 1061 48 221. Morgen am Gardasee. Fr. 371.

192 984 1054 61 222. Starenbergersee (in die Verloosung Bern). Fr. 187.

498 1062 451 63 Jak. Senn, in Basel.

191 1134 1058 52 223. In der Schlacht bei Rossbach. Fr. 60.

474 1212 501 58 J. Simon, in München.

194 1292 371 43 224. Ein Betrunkener.

411 1359 629 59 J. F. Spengler, in München.

191 1440 1058 41 225. Baumgruppe. Fr. 156.

454 1505 541 59 J. Theod. Spiller, Sohn.

194 1576 701 53 226. Eine Palme von bossirter Haararbeit.

191 1627 717 54 227. Eine grosse Verzierung in Haararbeit.

192 1681 896 52 228. Drei Buchstaben in Haararbeit mit Verzierungen.

445 1757 543 73 Georg Spillmann, in Zug.

191 1830 1062 48 229. Gegend bei Brienz. Fr. 250.

192 1889 1057 44 230. " " " Fr. 250.
