1371 2271
486 287 502 57 Rud. Müller, in Basel.

206 352 1051 52 155. Wasserfall an der Birs im Münsterthal. Fr. 700.

208 406 1060 51 156. Baumparthie an der Wiese unweit Basel. Fr. 150.

208 461 1058 55 157. " " " " " " Fr. 150.

492 535 498 59 Van Muyden, in Rom.

208 605 1062 51 158. Die Ruhe unter den Olivenbaumen, in der Gegend von

293 658 987 53 Albano (in die Verloosung Zürich). Fr. 500.

462 734 552 58 J. J. Neustück, in Basel.

208 804 1062 49 159. Innere Ansicht der St. Leonhardskirche. Fr. 342.

210 855 1060 55 160. Eine Ansicht des Kirschgartens in Basel (Aquarell). Fr. 90, 50.

380 934 716 69 L. Nederberger, in Unterwalden.

210 1016 1060 40 161. Genrebild. Fr. 46.

475 1078 513 61 J. Nericker, in Baden.

210 1150 1058 49 162. Madonna mit dem Kinde. Fr. 120.

520 1224 438 59 J. Nötz, in Luzern.

208 1296 1060 51 163. Goschenenalp. Fr. 252.

210 1347 1060 51 164. Auf dem St. Gotthardt. Fr. 168.

208 1404 1062 45 165. Vierwaldstaättersee. Fr. 252.

268 1461 938 62 J. J. Oechslin, Bildhauer, in Schaffhausen.

212 1532 1056 61 166. Josephs Traumdeutung (Aquarell). Fr. 60.

498 1599 482 58 D. Ortlieb, in Colmar.

210 1667 1060 51 167. Parthie im Munsterthale, im Elsass. Fr. 130.

212 1724 1056 47 168. Gegend bei Rippoltsweiler. Fr. 96.

498 1784 484 61 Ed. Perotti, in Turin.

212 1860 1060 43 169. Landschaft. Fr. 200.

208 1915 1072 47 170. " Fr. 200.
