1273 2190
295 262 546 51 C. Spizweg, in München.

40 323 1057 52 231 Die Thorwache (in die Verloosung Luzern). Fr. 234.

261 401 621 57 Ad. Stademann, ie München.

42 469 894 56 232. Winterlandschaft (in die Verloosung Winterthur).

60 545 1013 60 J. G. Steffan, von Wädenschweil, in München.

40 616 1055 51 233. Landschaft (verkauft). Fr. 580.

42 669 1055 51 234. Mittagsruhe am Wallenstattersee. Fr. 350.

42 717 418 53 235. Abend im Haslithal.

301 781 548 60 U. Steffan, in St Gallen.

40 859 1057 46 236. Das Verlangen. Fr. 235.

275 916 594 64 Ed. Steiner, in Winterthur.

42 987 1055 53 237. Bischoff Salomon im Kloster St. Gallen, gibt dem König

138 1040 968 47 Konrad I. ein Beispiel christlicher Zucht, indem er die

129 1093 862 47 Enthaltsamkeit seiner Schüler auf die Probe stellt.

42 1142 863 53 238. Bildniss des Graveurs Aberli (Kreidezeichnung)

42 1191 752 51 239. Bildniss des Pfarrers Bornhauser dito.

40 1244 750 49 240. Bildniss des ? dito.

40 1295 752 48 241. Mädchenkopf, Studien. dito.

40 1348 752 48 242. Knabenkopf. dito.

42 1399 750 48 243. Kopf eines Kriegers. dito.

42 1449 747 51 244. Kopf einer alten Baurin. dito.

42 1500 747 49 245. Bildniss des Malers Vogel. dito.

85 1562 967 58 Ernst Stückelberger, von Basel, in Antwerpen.

43 1637 1056 47 246. Der Prophet Elias führt der Wittwe von Zarpath den vom

146 1693 966 40 Tode auferweckten Sohn zu (1. B. d. Könige C. 17. V. 23).

916 1733 201 48 Fr. 1200.

184 1797 765 60 Joh. Stocker, von Zug, in München.

40 1881 427 40 247. Männliches Bildniss.
