1253 2200
243 339 846 82 Gemälde und Handzeichnungen.

152 707 1042 50 1. Pferde auf der Weide. Fr. 466.

350 639 625 54 Albrecht Adam, in München.

146 852 1050 57 2. Ungarische Pferde am Brunnen (in die Verloosung Bern)

374 782 581 57 Eugen Adam, in München.

376 980 574 66 Franz Adam, in München.

974 903 218 50 Fr. 163, 50

152 1052 1040 53 3. Pferde auf der Weide. Fr. 233.

148 1204 1046 39 4. Das Dorf Sixt. Fr. 140.

460 1127 411 57 B. Ardy, in Genf.

150 1244 1040 54 5. Das Innere eines Waldes. Fr. 150.

436 1323 446 66 Aulier, in München.

148 1397 1046 45 6. Der Gosar-See. Fr. 94.

399 1468 520 59 K. Baade, in München.

150 1540 1046 60 7. Mondnacht mit einem Norwegischen Lootsenboote Fr. 424.

150 1593 1042 62 8. Küstenparthie in Norwegen mit der Insel Träna. Fr. 318.

453 1670 416 57 Bach, in München.

146 1738 1044 51 9. Der Ackerbauer (in die Verloosung Bern.) Fr. 117.

130 1796 1062 44 10. Erndtewagen (in die Verloosung Schaffhausen.) Fr. 93, 25.

132 1844 1058 48 11. Ein Ackerbauer vom Regen uberrascht. Fr. 184, 80.
