1273 2174
317 210 497 50 Bärmann, in Augsburg.

50 268 1056 59 12. Scene aus dem Tiroler Freiheitskampfe Fr. 102.

317 353 526 69 Amadé Baudit, in Genf.

50 429 1057 47 13. Schweizerlandschaft Fr. 500.

270 501 622 67 Ferd. Beck, in Schaffhausen.

50 572 1059 51 14. Der Blinde und sein Kind. Fr. 60.

52 637 1059 36 15. Bilanz. Fr. 70.

54 679 1055 47 16. Allegorie (Tuschzeichnung.) Fr. 138, 60.

261 751 640 58 Mans Beckmann, in München.

58 831 1069 40 17. Parthie aus der Umgegend von München (in die Verloosung

150 880 972 42 Zürich). Fr. 212.

58 931 1053 45 18. Ein Waldbach. Fr. 180.

290 1003 585 69 J. Bergmann, in München.

58 1076 1055 47 19. Ein Korbflechter. Fr. 186, 50.

61 1125 1054 52 20. Ein Bauer von der Jagd nach Hause kommend Fr. 280.

324 1197 519 60 G. Bion, in St. Gallen.

56 1269 1061 49 21. Der Titlis (in die Verloosung Winterthur.) Fr. 180.

50 1324 1083 45 22. Im Schwendenthal, Appenzell I. Rh. (in die Verloosung St.

150 1380 967 40 Gallen.) Fr. 180.

59 1425 1056 47 23. Schifflände beim Schachenbade unweit Lindau. Fr. 170.

59 1478 1054 58 24. Der Alpsee im Kanton Appenzell. Fr. 250

313 1550 544 60 F. Bischoff, in München.

59 1619 1056 54 25. Eine Märznacht im Bairischen Hochgebirge. Fr. 498.

340 1695 495 74 A. Böcklin, aus Basel.

59 1775 1056 43 26. Schattige Quelle. Fr. 500

65 1820 446 56 27. Italienische Landschaft.
