1274 2212
460 278 493 57 J. N. Rapp, in Basel.

176 346 1062 50 188. Landschaft (in Pastell). Fr. 40.

176 411 1059 38 189. Baumstudie dito. Fr. 40.

175 453 1062 46 190. Gegend auf Seelisberg dito. Fr. 60.

176 508 1059 45 191. Waldparthie dito. Fr 60.

178 554 1057 50 192. Im Schâchenthal dito. (ausgeblieben) Fr. 180,

420 632 577 59 Ferd. Reusch, in Neuwied.

178 702 1057 51 193. Parthie am Vierwaldstättersee. Fr. 450.

473 781 474 57 H. Revillod, in Genf.

182 849 409 56 194. Seestuck (Sizilien).

178 901 1057 53 195. Landschaft an der Aare bei Schinznach. Fr 1200.

424 976 577 61 Emil Richter, in München.

180 1058 1064 40 196. Marktplatz des bairischen Stadtchens Miltenberg (in die

274 1111 964 39 Verloosung Bern.) Fr. 318.

374 1176 673 57 J. J. Rietmann, in St. Gallen.

182 1246 1064 53 197. Fideris in Graubünden (in die Verloosung St. Gallen). Fr. 86.

444 1325 540 57 Rittmeyer, in St. Gallen.

180 1393 1060 54 198. Fischer an der Schelde. Fr. 300.

182 1448 1056 50 199. Ein betender Mönch. Fr 120.

460 1522 513 59 Ed. Rischgitz, in Genf.

180 1594 1064 50 200. Ansicht vom Genfersee, von Boveret aus. Fr. 450.

184 1659 1060 38 201. Landschaft von hablais in Savoyen (in die Verloosung

274 1712 976 29 Schaffausen). Fr. 350.

477 1771 483 61 Aurel Robert, in Biel.

186 1852 1058 42 202. Gefangennehmung eines Seminariums bei Terracina im Jahre

278 1896 311 59 1820 (verkauft).
