1272 2203
249 242 677 55 P. J. Rogers, in Baden-Baden.

53 334 1062 44 203. Die Cullen-Gebirge auf der Insel Shye an der Westküste

152 381 969 43 von Sckottland. Fr. 275.

295 464 583 59 Heinrick Sauter, in Zürich.

56 537 405 52 204. Männliches Bildniss.

53 587 265 51 205. dito.

295 675 581 57 Theophil Scheller, in Bern.

56 743 458 53 206. Porträt des Künstlers.

84 833 1006 57 Wilhelm Scheuchzer, von Zurich, in München.

55 912 1060 55 207. Eine Hammerschmiede bei Malnitz in Kärnthen (zur Ver¬

152 972 976 45 loosung St. Gallen). Fr. 233.

55 1017 939 55 208. Alte Kapelle zu Taufers im Munsterthal (verkauft).

53 1072 1059 51 209. Alte Kapelle auf St. Georgenberg, Wallfahrtsort bei Schwaz

150 1123 967 50 im Tirol (in die Verloosung Zürich). Fr. 327.

126 1209 918 61 Jost Schiffmann, von Luzern, in München.

53 1283 1060 47 210. Am Fusse des Rigi gegen den Pilatus. Fr. 180.

53 1332 1059 55 211. Parthie gegen Wiggis am Wallenstattersee (in die Verloo¬

147 1389 966 44 sung St. Gallen). Fr. 128.

53 1437 1060 53 212. Herbstmorgen am Vierwaldstättersee (in die Verloosung

156 1494 970 42 Winterthur). Fr. 148, 50.

53 1540 1055 49 213. Mittag am Wallenstättersee Fr. 148, 50.

312 1626 542 57 C. Schleich, in München.

53 1701 1055 48 214. Seelandschatt. Fr 350.

286 1784 596 62 Ed. Schleiden, in München.

53 1874 1053 44 215. Hirtenbube aus dem Bairischen Gebirge. Fr. 70.
