1262 2195
424 241 541 51 A. Borrer, in Solothurn.

164 298 1059 47 28. Christus am Oelberg. Fr. 200

164 353 1061 40 29. Madonna. Fr. 70.

428 400 529 66 J. Bryner, in Lausanne.

164 457 1063 49 30. Buchenwald bei Lausanne. Fr. 156.

163 515 1060 44 31. Lausanne. Fr. 50

164 565 1057 47 32. St. Sulpice am Genfersee. Fr. 50

163 616 1060 47 33. Thal von Aosta. Fr. 300

166 669 1057 51 34. Rovereaz bei Lausanne. Fr. 200.

164 717 1061 49 35. Das Wallisthal mit der Ruine bei Martinach. Fr. 50.

454 779 487 58 Ant. Bucher, in Bern.

164 841 1057 53 36. Eine Sennerei im Entlibuch. Fr. 100.

423 892 540 60 Jos. Bucher, aus Luzern.

164 947 396 55 37. Männliches Bildniss.

168 1011 394 44 38. Männliches Bildniss.

333 1062 731 61 Wilhelm Büchi, Sohn, in Zürich.

164 1128 1055 49 39. Der alte Baugarten. Fr. 35.

428 1187 531 58 H. Bürkel, in München.

163 1247 1062 59 40. Dorfscene im bayrischen Hochlande. Fr. 420.

164 1302 1065 51 41. Winterlandschaft aus Tyrol. Fr. 653.

419 1362 551 59 L. Burckhardt, in Basel.

168 1423 1059 58 42. Das obere Lauterbrunnenthal gegen die Jungfrau. Fr. 800.

413 1488 563 57 Anton Büttler, in Luzern.

164 1556 1068 50 43. Der alte blinde Melchtal bei der Nachricht der wiederer¬

252 1604 980 44 rungenen Freiheit. Fr. 280.

166 1655 1070 46 44. Stauffachers Unterredung mit seiner Frau über die Rettung

254 1706 987 40 des Landes. Fr. 280.

157 1754 1084 47 45. Versöhnungsscene zwischen dem Schultheissen Nägeli von

260 1807 329 56 Bern und Steiger.

166 1852 1061 66 46. Gebirgsparthie in den Schöllenen des Gotthardt. Fr. 200.
