1285 2189
29 240 1069 51 141. Schloss Chillon (Aquarell). Fr. 50.

31 297 1053 49 142. Schloss Chatelard bei Vivis. Fr. 100.

268 363 589 56 F. C. Mayer, in München.

32 432 1054 51 143. Die Kaiserkapelle in der Burg zu Nürnberg. Fr. 466.

337 496 455 56 H. Mennet, in Genf.

34 567 1055 51 144. Am Genfersee. Fr. 200.

36 625 1053 44 145. " " Fr. 200.

96 682 937 58 Heinr. Merz, von St. Gallen, in München.

38 753 1051 51 146. Die Terstorung Jerusalems (Kupferstich nach Kaulbach)

135 809 677 50 (gehört dem Kunstverein in St. Gallen).

113 868 900 60 J. Mettler, von Mogelsberg, in München.

36 937 1059 53 147. Eine Madonna (in Zurich zurüchgeblieben). Fr. 254.

38 992 1051 51 148. Wohnstube in Appenzell I. Rh. (in die Verloosung Winter¬

122 1050 980 42 thur). Fr. 270.

302 1109 533 58 Alb. Meuron, in Brienz.

40 1180 1058 51 149. Der schlafende Grossvater (in d. Verloosung Zürich). Fr. 400.

288 1255 560 58 Friedr. Meyer, in Zürich.

43 1322 579 57 150. Gegend bei Tivoli (Verkauft).

282 1395 574 62 Karl Millner, in München.

45 1470 1050 56 151. Parthie am Untersberg bei Salzburg (in die Verloosung

125 1530 992 36 Luzern). Fr. 115.

290 1594 564 65 Moosbrugger, in Konstanz.

45 1669 1051 49 152. Abend am Untersee bei Konstanz. Fr. 140.

206 1742 724 62 W. Moritz, Sohn, in Neuenburg.

45 1813 1050 54 153. Kinderspiele (in die Verloosung St. Gallen). Fr. 250.

45 1866 1051 51 154. Weinschenke im Berner Oberlande Fr. 500.
