1300 2228
182 289 640 45 127. Porträt zweier arabischer Pferde.

176 332 1060 52 128. Ein Bergwasser. Fr 1000.

423 410 568 57 Labhardt, in Schaffhausen.

176 477 1060 52 129. Die Villa Pliniana am Comersee (Aquarell). Fr. 80.

180 532 1055 50 130. Bellagio am Comersee (Aquarell). Fr 80.

274 582 574 51 (in die Verloosung Schaffhausen).

451 657 516 57 C. Lieske, in München.

178 725 917 56 131. Der heimkehrende Bauer (verkauft in St. Gallen).

475 809 455 54 B. Lope, in Annecy.

174 872 1064 54 132. Gegend zwischen Brienz und Meiringen. Fr. 100.

455 963 501 69 H. Lugardon, in Genf.

174 1039 1064 49 133. Die Reue. Fr. 350.

174 1086 1061 52 134. Ruth und Booz (B. Ruth Cap. 2. V. 16.) Fr. 700.

362 1171 683 61 J. H. Luttringhausen, in Basel.

176 1243 1053 56 135. Der Reussfall bei Göschenen (Aquarell). Fr. 70.

176 1292 1057 57 136. Das Schloss Aarburg vor dem Brande (Aquarell). Fr. 50.

440 1370 527 61 F. Maiers, in München.

172 1442 1051 54 137. Parthie in Venedig. Fr. 84.

490 1531 427 56 Marr, in München.

170 1596 1065 54 138. Die Heimkehr mit dem Nussknacker (Verkauft in St. Gallen).

1086 1654 150 54 Fr. 327.

170 1700 1057 54 139. Eine Sennerin mit einem Esel, aus dem bayerischen Hoch-

254 1758 986 50 gebirge (in die Verloosung Bern). Fr 212.

479 1828 440 65 H. Mayer, in Vivis.

172 1897 1057 54 140. In der Gegend von Vivis. Fr. 100.
