1307 2228
176 265 1065 48 61. Morgen. Aufbruch der Ziegen aus einem schwäbischen Dorfe

267 315 976 52 (zur Verloosung St. Gallen) Fr. 318.

176 363 1065 64 62. Alpe an der Benediktenwand (verkauft in Bern). Fr. 392.

459 453 496 57 E. Ebert, in München.

176 525 1064 46 63. Landschaft, Abend am Chiemsee. Fr. 370.

384 612 649 58 August von Embde, in Kassel.

178 686 1063 49 64. Zwei Kinder mit einem Lamme (ausgeblieben). Fr. 636.

459 770 500 78 Federle, von München.

178 842 1063 58 65. Parthie am Thunersee. Fr. 116. 60.

178 896 1063 47 66. Mainau. Fr. 116, 60.

462 984 502 61 Anna Fries, in Zürich.

180 1054 1060 47 67. Der betrübte Knabe. Fr. 250.

444 1141 539 69 H. P. Georges, in Genf.

184 1214 1063 48 68. Schloss Wüfflens, unweit Morges. Fr. 400.

182 1266 1063 48 69. Schloss Wüfflens. Fr. 300.

189 1314 1058 54 70. Lauf der Rhone bei Sitten (in die Verloosung Zürich) Fr. 300.

184 1366 1063 56 71. Landschaft (Zeichnung in Rauchmanier). Fr. 35.

464 1455 500 76 H. Gernler, von Basel.

187 1529 209 51 72. Portrait.

488 1615 437 67 Geyer, in Augsburg.

187 1685 1062 45 73. Die Luftschiffer. Fr. 163, 50.

189 1732 1062 59 74. Die eiserne Maske (in die Verloosung Luzern). Fr. 360.

420 1819 585 63 Minna Geyer, in Augsburg.

187 1886 1062 44 75. Ein Stillleben. Fr. 53.
