1254 2159
297 223 548 54 H. Dalwig, in München.

41 291 1056 47 47. Sonnenuntergang im bayrischen Gebirge. Fr. 127, 20.

324 368 499 56 F. Delapeine, in Genf.

43 442 1054 45 48. Der Morgen, in Piemont. Fr. 200.

261 510 620 60 Paul Deschwanden, in Stanz.

45 590 1064 48 49. Der Fall der Engel (angekauft vom Kunstverein in St. Gal¬

131 645 982 40 len.) Fr. 800.

347 712 449 58 F. Dietler, in Bern.

39 784 1060 47 50. Kindergruppe (Aquarell). Fr. 500.

39 836 1058 45 51. Thierstück (Aquarell). Fr. 300.

333 901 474 54 Karl Dubois, in Genf.

41 973 1056 43 52. Schleichhändler. Fr. 650.

37 1023 1060 43 53. Die Barcarole. Fr. 200.

39 1074 1056 46 54. Erinnerung an die Insel Ischia. Fr. 150.

345 1135 447 59 J. Dunant, in Genf.

41 1203 1054 61 55. Ansicht vom Montblanc. (in die Verloosung Zurich). Fr. 400.

351 1272 436 57 J. Duntze, in Genf.

36 1342 1057 50 56. Ein Blick auf den Thunersee im Hintergrunde die Blümlis-

127 1397 979 47 alp und die Jungfrau. Fr. 400.

39 1444 1056 54 57. Ansicht d. Vierwaldstättersee's gegen den Bristenstock. Fr. 120.

37 1495 1067 54 58. Strand mit Fischerbooten bei Blankenberg and der belgischen

129 1549 977 45 Küste (in die Verloosung Schaffhausen). Fr. 120.

28 1601 1078 47 59. Die Jungfrau und der Mönch, aus der Gegend von Inter¬

118 1649 995 53 laken (in die Verloosung Bern). Fr. 250.

304 1712 524 61 R. Eberle, in München.

34 1788 1090 48 60. Der Abend auf der Weide (angekauft vom Kunstverein in

118 1845 997 44 St. Gallen). Fr. 396.
