1310 2214
433 236 535 62 J. J. Buff, in München.

169 300 231 56 307. Bildniss.

450 394 498 67 Anna Fries, in Zürich.

169 476 1057 59 308. Sonnineserin am Brunnen. Fr. 580.

169 531 1056 50 309. Das Morgengebet. Fr. 360.

169 579 1056 53 310. Romisches Pomeranzenmädchen. Fr. 290.

453 667 499 58 H. Lugardon, in Genf.

171 747 1061 61 311. Melchthal schlagt Landenbergs Knecht. Fr. 641.

439 837 527 59 J. Mettler, in München.

175 918 518 54 312. Die Rückkehr vom Felde.

477 1007 452 59 L. Vogel, in Zürich.

171 1097 1061 50 313. Sonntagsbesuch auf der Alpe. Fr. 700.

372 1175 659 59 A. Wechesser, in Winterthur.

175 1258 682 44 314. Columban predigt das Christenthum.

304 1337 791 67 J. Ziegler-Sulzberger, in Winterthur.

175 1409 1057 52 315. Schloss Kyburg. Fr. 140.

428 1483 557 59 Konrad Zeller, in Zürich.

173 1553 1061 50 316. Italienischer Schäfer. Fr. 400.

404 1638 599 72 R. H. Meili, in Binningen.

175 1710 782 55 317. Ein schweizerischer Thorwächter in Gyps.

477 1797 451 71 E. Wolff, in Basel.

177 1870 404 54 318. Weibliches Porträt.
