1325 2215
338 215 519 63 Karl Girardet, in Paris.

70 287 1060 48 76. Ansicht von Brienz. Fr. 500.

70 339 1057 46 77. Das Innere eines Dorfes (Brienz). Er. 250.

347 400 490 59 J. Göldlin, in Luzern.

66 474 1061 48 78. Ansicht des Pilatus bei Ennet-Horw. Fr. 72.

66 524 1059 50 79. Ein Kett Wachteln. Fr 50.

66 575 1059 59 80. Eine Fuchsjagd (in die Verloosung Luzern). Fr. 72.

64 627 1059 52 81. Ansicht des Schlosses Schauensee bei Kriens. Fr. 72.

277 692 634 64 Georges Grisel, in Neuenburg.

66 766 1050 51 82. Ansicht aus den Sümpfen v. Boveresse im Traversthale. Fr. 280.

64 817 1057 59 83. Wengen, oberhalb Lauterbrunnen (Sepia). Fr. 70.

64 869 1057 48 84. Oberhasler Sennhutte (Sepia). Fr. 80.

64 921 1057 48 85. Bei Meiringen (in die Verloosung Bern). Fr. 25.

308 983 571 58 J. Guignard, in Lausanne.

62 1052 1059 57 86. Kartenspielen der Knaben. Fr. 140.

408 1118 377 63 Guigon, in Genf.

66 1199 1055 39 87. Gegend am Genfersee. Fr. 500.

64 1251 1057 39 88. Gegend am Vierwaldstättersee. Fr. 500.

68 1293 1053 58 89. Ansicht an den Ufern der Rhone (in die Verloosung Zürich).

968 1343 162 50 Fr. 250.

308 1410 571 68 C. Heilmeier, in München.

64 1478 1057 57 90. Mittag, in der Gegend von München. Fr. 140.

306 1543 571 62 J. C. Hermann, in Mainz.

62 1615 1057 48 91. Heilige Familie. Fr. 191.

62 1666 1056 48 92. Ein Einsiedler. Fr. 118.

286 1729 615 59 Herm. Herdtle, in Stuttgart.

60 1784 1059 52 93. Der Sonnenfels bei Urach. Fr. 120.

62 1838 1056 61 94. Das Fischbergthal bei Urach. Fr. 120.
