1310 2245
462 299 522 52 Conr. Zeller, in Zürich.

192 364 1065 55 283. Mittelalterliche Ruine in der romischen Campagna (in die

286 428 982 47 Verloosung Winterthur). Fr. 300.

477 482 494 68 Ziegler, aus Solothurn.

190 555 1063 47 284. Christus. Fr. 126.

327 617 792 58 J. Ziegler-Saulsberger, in Winterthur.

190 679 1060 50 285. In Fly bei Wesen, Morgen. Fr. 120.

190 731 1061 47 286. Gegend bei Wesen. Fr. 120.

383 793 678 56 Jul. Zimmermann, in München.

189 862 1062 58 287. Rebecca und Elieser (verkauft). Fr. 233.

376 929 700 56 Rich. Zimmermann, in München.

189 997 1059 52 288. Winterlandschaft (in Zurich zurückgeblieben). Fr. 466.

189 1051 1057 47 289. Ein Fischer. Fr. 350.

361 1111 713 58 R. S. Zimmermann, in München.

189 1182 1061 49 290. Der Festvorabend. Fr. 530.

189 1242 1057 41 291. Wirthshausscene. Fr. 318.

190 1287 1058 48 292. Der Liebesbrief. Fr. 425.

477 1347 494 61 Rob. Zünd, in Luzern.

190 1425 1060 43 293. Bei Meiringen (in die Verloosung St. Gallen). Fr. 200.

190 1472 1056 47 294. Am Vierwaldstättersee. Fr. 200.

434 1659 572 56 Raphael Christen, in Bern.

190 1724 1056 57 295. Büste von General Dufour (in gebrannter Erde). Fr. 70.

349 1790 740 60 Ferd. Schlöth, aus Basel, in Rom.

190 1863 1056 52 296. Relief, Christus bei Maria und Martha. Fr. 1600.

185 1925 1080 46 297. Statuette, Schäferknabe mit Hund. Fr. 700.
