<?xml version="1.0" encoding="UTF-8"?>
<alto xmlns:xsi="http://www.w3.org/2001/XMLSchema-instance"
      xmlns="http://www.loc.gov/standards/alto/ns-v4#"
      xsi:schemaLocation="http://www.loc.gov/standards/alto/ns-v4# http://www.loc.gov/standards/alto/v4/alto-4-2.xsd">
  <Description>
    <MeasurementUnit>pixel</MeasurementUnit>
    <sourceImageInformation>
      <fileName>1852_Basel.pdf_page_17.png</fileName>
      
    </sourceImageInformation>
  </Description>
  
  <Layout>
    <Page WIDTH="1272"
          HEIGHT="2136"
          PHYSICAL_IMG_NR="11"
          ID="eSc_dummypage_">
      <PrintSpace HPOS="0"
                  VPOS="0"
                  WIDTH="1272"
                  HEIGHT="2136">
        

        
        <TextBlock ID="eSc_dummyblock_">
          
          
          <TextLine ID="eSc_line_326d6297"
                    
                    BASELINE="338 318 812 315" 
                    HPOS="336"
                    VPOS="270"
                    WIDTH="476"
                    HEIGHT="53">
            <Shape><Polygon POINTS="728 270 719 270 689 279 636 270 621 270 607 270 598 279 566 270 550 270 527 281 511 270 500 270 488 281 456 281 424 270 409 270 386 281 365 270 354 274 336 302 338 318 338 323 812 320 812 315 799 281 751 281 741 270 728 270"/></Shape>
	    <String CONTENT="J. Petzl, in München."
                    HPOS="336"
                    VPOS="270"
                    WIDTH="476"
                    HEIGHT="53"></String>
          </TextLine>

          
          
          <TextLine ID="eSc_line_aa4064d3"
                    
                    BASELINE="55 384 270 384 960 379 1109 379" 
                    HPOS="51"
                    VPOS="341"
                    WIDTH="1057"
                    HEIGHT="45">
            <Shape><Polygon POINTS="53 382 53 386 1108 382 1108 377 1106 350 1038 341 1036 341 1035 341 1033 341 1020 350 1013 354 997 350 963 341 962 341 960 341 958 341 956 341 956 343 947 350 945 354 810 357 286 359 281 354 274 348 274 347 272 347 270 347 269 347 51 354 53 382"/></Shape>
	    <String CONTENT="171. Novice. Fr. 186."
                    HPOS="51"
                    VPOS="341"
                    WIDTH="1057"
                    HEIGHT="45"></String>
          </TextLine>

          
          
          <TextLine ID="eSc_line_1932f652"
                    
                    BASELINE="55 434 479 434 892 428 1109 432" 
                    HPOS="51"
                    VPOS="391"
                    WIDTH="1057"
                    HEIGHT="46">
            <Shape><Polygon POINTS="53 432 53 437 1108 437 1108 430 1106 404 1052 391 1051 391 963 393 962 393 960 393 960 395 949 404 896 393 894 393 892 393 890 393 890 395 880 404 880 405 543 405 532 405 229 395 228 395 226 395 224 395 206 405 144 395 142 395 140 395 138 395 128 404 119 396 119 395 117 395 115 395 64 395 62 395 60 395 58 395 58 396 51 402 53 432"/></Shape>
	    <String CONTENT="172. Der durstige Frater. Fr. 346, 50."
                    HPOS="51"
                    VPOS="391"
                    WIDTH="1057"
                    HEIGHT="46"></String>
          </TextLine>

          
          
          <TextLine ID="eSc_line_ae007c2a"
                    
                    BASELINE="57 487 712 484 892 484 1108 484" 
                    HPOS="53"
                    VPOS="443"
                    WIDTH="1053"
                    HEIGHT="50">
            <Shape><Polygon POINTS="55 485 55 493 1104 491 1106 482 1104 452 1093 443 1092 443 1090 443 1088 443 1036 453 1026 444 1026 443 1024 443 1022 443 965 443 963 443 962 443 938 453 899 443 897 443 896 443 894 443 892 443 892 444 881 455 826 455 511 444 509 444 507 444 505 444 493 455 450 444 448 444 447 444 445 444 443 444 443 446 441 446 432 457 402 448 400 448 399 448 397 448 372 457 147 446 146 446 144 446 142 446 126 455 117 448 117 446 115 446 114 446 64 446 62 446 60 446 58 446 58 448 57 448 53 452 55 485"/></Shape>
	    <String CONTENT="173. Zwei Knappen in der Rüstkammer. Fr. 346, 50."
                    HPOS="53"
                    VPOS="443"
                    WIDTH="1053"
                    HEIGHT="50"></String>
          </TextLine>

          
          
          <TextLine ID="eSc_line_419e0648"
                    
                    BASELINE="363 582 803 578" 
                    HPOS="361"
                    VPOS="530"
                    WIDTH="442"
                    HEIGHT="57">
            <Shape><Polygon POINTS="735 535 725 535 717 542 691 532 682 532 673 532 641 544 614 530 612 530 611 530 609 530 578 546 566 535 564 535 562 535 448 532 440 532 409 546 388 537 379 537 365 535 361 541 363 582 363 587 803 583 803 578 799 546 753 544 744 535 735 535"/></Shape>
	    <String CONTENT="L. Pilliet, in Mainz."
                    HPOS="361"
                    VPOS="530"
                    WIDTH="442"
                    HEIGHT="57"></String>
          </TextLine>

          
          
          <TextLine ID="eSc_line_ffbe90f6"
                    
                    BASELINE="55 646 393 646 963 639 1111 642" 
                    HPOS="51"
                    VPOS="601"
                    WIDTH="1058"
                    HEIGHT="48">
            <Shape><Polygon POINTS="53 644 53 649 1109 649 1109 640 1108 612 1099 603 1099 601 1097 601 1095 601 1042 601 1040 601 1038 601 1013 614 983 601 981 601 979 601 978 601 951 615 899 615 881 617 388 619 384 619 363 606 361 606 283 606 281 606 235 608 233 608 231 608 231 610 220 619 219 621 215 619 179 608 178 608 142 608 140 608 138 608 137 608 137 610 130 617 121 610 121 608 119 608 117 608 62 608 60 608 58 608 57 608 57 610 51 614 53 644"/></Shape>
	    <String CONTENT="174. Eine Spinnerin. Fr 117."
                    HPOS="51"
                    VPOS="601"
                    WIDTH="1058"
                    HEIGHT="48"></String>
          </TextLine>

          
          
          <TextLine ID="eSc_line_6c9f2f64"
                    
                    BASELINE="317 728 840 724" 
                    HPOS="315"
                    VPOS="678"
                    WIDTH="525"
                    HEIGHT="57">
            <Shape><Polygon POINTS="831 688 798 678 796 678 794 678 792 678 790 678 774 690 712 678 710 678 709 678 682 690 655 678 653 678 652 678 650 678 648 678 648 679 636 692 568 692 498 692 488 681 488 679 486 679 484 679 441 679 440 679 438 679 436 679 436 681 425 692 400 679 399 679 397 679 395 679 393 679 375 690 334 679 333 679 331 679 329 679 327 679 327 681 315 692 317 728 317 735 839 731 840 724 839 719 831 688"/></Shape>
	    <String CONTENT="Carl Piacenza, in Turin."
                    HPOS="315"
                    VPOS="678"
                    WIDTH="525"
                    HEIGHT="57"></String>
          </TextLine>

          
          
          <TextLine ID="eSc_line_93f4f229"
                    
                    BASELINE="55 793 333 793 963 788 1111 788" 
                    HPOS="51"
                    VPOS="751"
                    WIDTH="1058"
                    HEIGHT="46">
            <Shape><Polygon POINTS="53 792 53 797 1108 793 1109 786 1108 761 1036 751 1035 751 1033 751 1031 751 1017 761 1013 763 1006 761 967 751 965 751 963 751 962 751 960 751 960 752 949 761 949 763 835 767 329 767 327 767 317 756 317 754 315 754 313 754 311 754 140 756 138 756 137 756 137 758 131 763 124 758 124 756 122 756 121 756 62 756 60 756 58 756 57 756 57 758 51 761 53 792"/></Shape>
	    <String CONTENT="175. Landschaft. Fr. 200."
                    HPOS="51"
                    VPOS="751"
                    WIDTH="1058"
                    HEIGHT="46"></String>
          </TextLine>

          
          
          <TextLine ID="eSc_line_ed4f45e7"
                    
                    BASELINE="352 873 810 868" 
                    HPOS="350"
                    VPOS="827"
                    WIDTH="460"
                    HEIGHT="55">
            <Shape><Polygon POINTS="803 836 719 831 707 831 689 829 671 829 653 829 637 829 602 838 566 827 564 827 562 827 561 827 559 827 541 838 481 831 479 831 477 831 475 831 475 833 468 840 443 829 441 829 440 829 438 829 413 840 359 829 358 829 356 829 354 829 354 831 352 831 350 833 352 873 352 882 808 877 810 868 807 840 803 836"/></Shape>
	    <String CONTENT="Podesta, in München."
                    HPOS="350"
                    VPOS="827"
                    WIDTH="460"
                    HEIGHT="55"></String>
          </TextLine>

          
          
          <TextLine ID="eSc_line_a8ec3d3a"
                    
                    BASELINE="55 936 550 939" 
                    HPOS="53"
                    VPOS="897"
                    WIDTH="497"
                    HEIGHT="49">
            <Shape><Polygon POINTS="286 897 279 897 256 904 224 898 215 898 197 898 179 900 162 900 144 900 126 900 108 902 90 902 81 902 55 902 55 936 53 943 546 946 550 939 548 907 409 897 407 897 406 897 388 906 386 906 368 897 366 897 365 897 315 906 308 906 306 906 295 897 286 897"/></Shape>
	    <String CONTENT="176. Hofers Haus in Passeier."
                    HPOS="53"
                    VPOS="897"
                    WIDTH="497"
                    HEIGHT="49"></String>
          </TextLine>

          
          
          <TextLine ID="eSc_line_f6d1bb1b"
                    
                    BASELINE="358 1034 803 1034" 
                    HPOS="358"
                    VPOS="986"
                    WIDTH="445"
                    HEIGHT="55">
            <Shape><Polygon POINTS="785 987 782 986 744 998 700 986 698 986 696 986 694 986 660 998 632 986 630 986 628 986 627 986 625 986 625 987 612 998 580 989 578 989 577 989 495 998 447 986 445 986 443 986 441 986 415 998 404 987 404 986 402 986 400 986 377 986 375 991 358 1009 358 1034 358 1041 803 1039 803 1034 803 996 785 987"/></Shape>
	    <String CONTENT="F. Prevost, in Genf."
                    HPOS="358"
                    VPOS="986"
                    WIDTH="445"
                    HEIGHT="55"></String>
          </TextLine>

          
          
          <TextLine ID="eSc_line_f3b2765d"
                    
                    BASELINE="55 1100 869 1096 965 1096 1113 1096" 
                    HPOS="51"
                    VPOS="1053"
                    WIDTH="1060"
                    HEIGHT="52">
            <Shape><Polygon POINTS="53 1098 53 1105 1109 1101 1111 1094 1109 1064 1076 1053 1074 1053 1072 1053 899 1066 571 1055 570 1055 568 1055 566 1055 566 1057 555 1066 153 1057 151 1057 149 1057 130 1068 121 1059 121 1057 119 1057 117 1057 65 1057 64 1057 62 1057 60 1057 60 1059 51 1066 53 1098"/></Shape>
	    <String CONTENT="177. Gegend bei Brunnen, am Vierwaldstättersee. Fr. 350."
                    HPOS="51"
                    VPOS="1053"
                    WIDTH="1060"
                    HEIGHT="52"></String>
          </TextLine>

          
          
          <TextLine ID="eSc_line_af9395e9"
                    
                    BASELINE="57 1151 714 1150 965 1149 1111 1146" 
                    HPOS="53"
                    VPOS="1107"
                    WIDTH="1056"
                    HEIGHT="50">
            <Shape><Polygon POINTS="55 1149 55 1153 1108 1157 1109 1144 1108 1119 1097 1108 1097 1107 1095 1107 1093 1107 1042 1107 1040 1107 1038 1107 1036 1107 1022 1119 972 1108 970 1108 969 1108 967 1108 967 1110 954 1121 954 1123 696 1123 696 1121 612 1108 611 1108 461 1121 441 1108 440 1108 438 1108 347 1108 345 1108 343 1108 342 1108 342 1110 334 1117 327 1112 327 1110 326 1110 324 1110 322 1110 270 1117 261 1110 261 1108 260 1108 258 1108 158 1108 156 1108 154 1108 131 1121 121 1110 121 1108 119 1108 117 1108 67 1108 65 1108 64 1108 62 1108 62 1110 53 1117 55 1149"/></Shape>
	    <String CONTENT="178. Ansicht bei Noville am Genfersee. Fr. 250."
                    HPOS="53"
                    VPOS="1107"
                    WIDTH="1056"
                    HEIGHT="50"></String>
          </TextLine>

          
          
          <TextLine ID="eSc_line_e9752fd3"
                    
                    BASELINE="55 1201 810 1197 965 1201 1109 1197" 
                    HPOS="51"
                    VPOS="1158"
                    WIDTH="1057"
                    HEIGHT="52">
            <Shape><Polygon POINTS="53 1199 53 1206 1104 1210 1108 1196 1106 1169 1084 1158 1083 1158 1081 1158 874 1169 400 1162 399 1162 397 1162 395 1162 395 1164 388 1171 370 1162 368 1162 366 1162 365 1162 327 1171 274 1162 272 1162 270 1162 269 1162 254 1171 144 1162 142 1162 140 1162 138 1162 126 1171 65 1162 64 1162 62 1162 60 1162 51 1167 53 1199"/></Shape>
	    <String CONTENT="179. Brücke bei St. Benezet, unweit Avignon. Fr. 300."
                    HPOS="51"
                    VPOS="1158"
                    WIDTH="1057"
                    HEIGHT="52"></String>
          </TextLine>

          
          
          <TextLine ID="eSc_line_bd252e0f"
                    
                    BASELINE="55 1254 728 1251 963 1253 1109 1249" 
                    HPOS="51"
                    VPOS="1212"
                    WIDTH="1057"
                    HEIGHT="48">
            <Shape><Polygon POINTS="53 1253 53 1258 1104 1260 1108 1247 1106 1222 1097 1213 1097 1212 1095 1212 1093 1212 1092 1212 801 1222 440 1213 438 1213 436 1213 434 1213 434 1215 423 1224 64 1215 62 1215 60 1215 58 1215 58 1217 51 1222 53 1253"/></Shape>
	    <String CONTENT="180. Die Mythen, vom Lowerzersee aus. Fr. 200."
                    HPOS="51"
                    VPOS="1212"
                    WIDTH="1057"
                    HEIGHT="48"></String>
          </TextLine>

          
          
          <TextLine ID="eSc_line_6d1a9aaa"
                    
                    BASELINE="57 1306 463 1302 965 1304 1111 1304" 
                    HPOS="53"
                    VPOS="1265"
                    WIDTH="1056"
                    HEIGHT="48">
            <Shape><Polygon POINTS="55 1304 55 1310 1106 1313 1109 1302 1108 1274 1100 1267 1100 1265 1099 1265 1097 1265 1040 1265 1038 1265 1036 1265 1035 1265 1035 1267 1022 1278 970 1265 969 1265 967 1265 965 1265 965 1267 953 1278 953 1279 849 1279 710 1279 267 1265 265 1265 263 1265 261 1265 261 1267 249 1278 146 1265 144 1265 142 1265 140 1265 140 1267 130 1276 119 1267 119 1265 117 1265 115 1265 65 1265 64 1265 62 1265 60 1265 60 1267 58 1267 53 1272 55 1304"/></Shape>
	    <String CONTENT="181. Felsen bei Flüelen. Fr. 300."
                    HPOS="53"
                    VPOS="1265"
                    WIDTH="1056"
                    HEIGHT="48"></String>
          </TextLine>

          
          
          <TextLine ID="eSc_line_bbfa401f"
                    
                    BASELINE="247 1400 917 1397" 
                    HPOS="245"
                    VPOS="1352"
                    WIDTH="672"
                    HEIGHT="55">
            <Shape><Polygon POINTS="905 1358 888 1352 871 1363 742 1352 741 1352 739 1352 700 1363 687 1352 685 1352 684 1352 682 1352 680 1352 652 1363 643 1354 643 1352 641 1352 639 1352 637 1352 619 1352 602 1352 598 1352 596 1352 595 1352 593 1352 577 1365 554 1354 552 1354 550 1354 548 1354 546 1354 530 1365 518 1354 516 1354 514 1354 513 1354 447 1365 432 1354 431 1354 429 1354 427 1354 326 1365 265 1354 263 1356 245 1375 247 1400 247 1407 917 1404 917 1397 915 1365 905 1358"/></Shape>
	    <String CONTENT="Constantin Prinelli, in Mailand."
                    HPOS="245"
                    VPOS="1352"
                    WIDTH="672"
                    HEIGHT="55"></String>
          </TextLine>

          
          
          <TextLine ID="eSc_line_1091569b"
                    
                    BASELINE="55 1466 801 1466 956 1466 1106 1463" 
                    HPOS="51"
                    VPOS="1425"
                    WIDTH="1053"
                    HEIGHT="48">
            <Shape><Polygon POINTS="53 1464 53 1472 1100 1473 1104 1461 1102 1436 1093 1427 1093 1425 1092 1425 1090 1425 1088 1425 1026 1434 992 1425 990 1425 988 1425 986 1425 951 1434 619 1425 618 1425 616 1425 614 1425 603 1434 557 1425 555 1425 554 1425 552 1425 552 1427 543 1436 482 1436 340 1425 338 1425 336 1425 334 1425 334 1427 326 1436 267 1436 258 1427 258 1425 256 1425 254 1425 153 1425 151 1425 149 1425 122 1434 64 1425 62 1425 60 1425 58 1425 51 1429 53 1464"/></Shape>
	    <String CONTENT="182. Ansicht am Briviosee in der Lombardie. Fr. 120."
                    HPOS="51"
                    VPOS="1425"
                    WIDTH="1053"
                    HEIGHT="48"></String>
          </TextLine>

          
          
          <TextLine ID="eSc_line_6ef442cc"
                    
                    BASELINE="55 1518 507 1518 958 1514 1108 1514" 
                    HPOS="51"
                    VPOS="1475"
                    WIDTH="1055"
                    HEIGHT="46">
            <Shape><Polygon POINTS="53 1516 53 1520 1104 1521 1106 1513 1104 1488 1093 1477 1093 1475 1092 1475 1090 1475 1038 1475 1036 1475 1035 1475 1033 1475 1033 1477 1020 1488 963 1477 962 1477 960 1477 958 1477 958 1479 945 1489 945 1491 507 1491 497 1488 473 1479 472 1479 324 1479 322 1479 320 1479 318 1479 309 1486 308 1488 302 1486 272 1479 270 1479 269 1479 267 1479 265 1479 265 1480 258 1486 254 1489 247 1486 236 1479 235 1479 233 1479 231 1479 51 1484 53 1516"/></Shape>
	    <String CONTENT="183. Parthie im Vedrothale. Fr. 120."
                    HPOS="51"
                    VPOS="1475"
                    WIDTH="1055"
                    HEIGHT="46"></String>
          </TextLine>

          
          
          <TextLine ID="eSc_line_3ee6839f"
                    
                    BASELINE="55 1571 595 1566 978 1564 1106 1568" 
                    HPOS="51"
                    VPOS="1527"
                    WIDTH="1053"
                    HEIGHT="48">
            <Shape><Polygon POINTS="53 1569 53 1575 1104 1575 1104 1566 1102 1534 1092 1527 1090 1527 1088 1527 1086 1527 1084 1527 1040 1537 983 1527 981 1527 979 1527 978 1527 978 1529 967 1539 830 1539 438 1530 436 1530 434 1530 432 1530 432 1532 422 1541 340 1530 338 1530 277 1543 267 1534 267 1532 265 1532 263 1532 149 1532 147 1532 146 1532 144 1532 130 1541 121 1534 121 1532 119 1532 117 1532 60 1532 58 1532 57 1532 55 1532 55 1534 53 1534 51 1534 53 1569"/></Shape>
	    <String CONTENT="184. Gegend am Lago Maggiore. Fr. 90."
                    HPOS="51"
                    VPOS="1527"
                    WIDTH="1053"
                    HEIGHT="48"></String>
          </TextLine>

          
          
          <TextLine ID="eSc_line_2eab029d"
                    
                    BASELINE="57 1621 135 1619 986 1614 1108 1618" 
                    HPOS="53"
                    VPOS="1585"
                    WIDTH="1053"
                    HEIGHT="40">
            <Shape><Polygon POINTS="55 1619 55 1623 1104 1625 1106 1616 1102 1585 53 1593 55 1619"/></Shape>
	    <String CONTENT="185. &quot; &quot; &quot; &quot; Fr. 80."
                    HPOS="53"
                    VPOS="1585"
                    WIDTH="1053"
                    HEIGHT="40"></String>
          </TextLine>

          
          
          <TextLine ID="eSc_line_e459c35e"
                    
                    BASELINE="208 1717 956 1708" 
                    HPOS="206"
                    VPOS="1660"
                    WIDTH="750"
                    HEIGHT="63">
            <Shape><Polygon POINTS="938 1662 937 1660 935 1660 933 1660 931 1660 929 1660 899 1673 890 1664 890 1662 888 1662 887 1662 885 1662 883 1662 864 1671 810 1660 808 1660 807 1660 805 1660 805 1662 792 1674 748 1666 746 1666 744 1666 721 1674 707 1662 705 1662 703 1662 701 1662 700 1662 698 1662 678 1674 657 1662 655 1662 653 1662 652 1662 650 1662 650 1664 636 1676 532 1664 530 1664 529 1664 498 1678 473 1666 472 1666 470 1666 393 1678 358 1666 356 1666 354 1666 352 1666 350 1666 350 1667 336 1678 299 1667 297 1667 295 1667 293 1667 292 1667 292 1669 279 1680 219 1667 217 1667 215 1667 213 1667 213 1669 212 1669 206 1674 208 1717 208 1723 956 1714 956 1708 954 1692 938 1662"/></Shape>
	    <String CONTENT="R. Rahn, Kupferstecher in Zürich."
                    HPOS="206"
                    VPOS="1660"
                    WIDTH="750"
                    HEIGHT="63"></String>
          </TextLine>

          
          
          <TextLine ID="eSc_line_121b899d"
                    
                    BASELINE="55 1781 903 1776" 
                    HPOS="53"
                    VPOS="1733"
                    WIDTH="850"
                    HEIGHT="55">
            <Shape><Polygon POINTS="55 1781 55 1788 901 1783 903 1776 899 1744 707 1733 705 1733 703 1733 701 1733 701 1735 693 1742 431 1735 429 1735 427 1735 425 1735 425 1737 416 1744 244 1737 242 1737 194 1746 147 1737 146 1737 144 1737 121 1746 65 1737 64 1737 62 1737 60 1737 60 1739 53 1744 55 1781"/></Shape>
	    <String CONTENT="186. Eine Rahme mit Stahlstichen von Schiller etc."
                    HPOS="53"
                    VPOS="1733"
                    WIDTH="850"
                    HEIGHT="55"></String>
          </TextLine>

          
          
          <TextLine ID="eSc_line_7337814b"
                    
                    BASELINE="57 1831 1111 1826" 
                    HPOS="53"
                    VPOS="1785"
                    WIDTH="1056"
                    HEIGHT="51">
            <Shape><Polygon POINTS="55 1829 55 1836 1109 1831 1109 1824 1104 1785 849 1794 828 1788 812 1785 810 1785 808 1785 807 1785 805 1785 805 1787 801 1788 796 1794 780 1790 762 1785 760 1785 758 1785 757 1785 739 1790 719 1796 705 1790 694 1787 693 1787 691 1787 591 1792 536 1796 527 1794 504 1787 502 1787 500 1787 423 1796 400 1797 352 1797 67 1788 65 1788 64 1788 62 1788 53 1796 55 1829"/></Shape>
	    <String CONTENT="187. Ein Album mit Blättern zum Reinecke Fuchs, Stahlstiche"
                    HPOS="53"
                    VPOS="1785"
                    WIDTH="1056"
                    HEIGHT="51"></String>
          </TextLine>

          
          
          <TextLine ID="eSc_line_110d30e0"
                    
                    BASELINE="150 1882 1118 1876" 
                    HPOS="147"
                    VPOS="1840"
                    WIDTH="970"
                    HEIGHT="52">
            <Shape><Polygon POINTS="149 1881 149 1892 1115 1885 1117 1874 1113 1847 652 1840 650 1840 648 1840 630 1849 422 1842 420 1842 418 1842 388 1851 206 1844 204 1844 147 1852 149 1881"/></Shape>
	    <String CONTENT="nach Kualbach. Geschenk des Herrn Ralm an das Museum"
                    HPOS="147"
                    VPOS="1840"
                    WIDTH="970"
                    HEIGHT="52"></String>
          </TextLine>

          
          
          <TextLine ID="eSc_line_f23540cf"
                    
                    BASELINE="147 1932 319 1929" 
                    HPOS="144"
                    VPOS="1902"
                    WIDTH="174"
                    HEIGHT="38">
            <Shape><Polygon POINTS="146 1931 146 1940 317 1938 318 1927 313 1902 144 1904 146 1931"/></Shape>
	    <String CONTENT="in Basel."
                    HPOS="144"
                    VPOS="1902"
                    WIDTH="174"
                    HEIGHT="38"></String>
          </TextLine>

          
        </TextBlock>
        
      </PrintSpace>
    </Page>
  </Layout>
</alto>
