1285 2138
484 149 385 63 Marc Dunant. Genf.

163 192 1045 75 84. Bordighera, Küste bei Genua 200

509 265 335 62 Albert Gos. Genf.

165 315 1039 66 85. Sonnenuntergang in der Nähe von Montreux 400

167 368 1037 64 86. Sonnenaufgang, Dent du midi 400

552 441 264 52 Lobry. Genf.

165 482 1041 70 87. Erinnerung an das Einfischthal (Wallis) 250

165 541 1039 59 88. Erinnerung an Vallon des Plans 550

167 593 1039 53 89. Ufer des Brévon 500

404 657 561 57 Albert de Mandrot. Echichens.

167 707 1041 66 90. Schlittschuhläufer auf d. Vorjaz, Gegend v. Morges 250

167 757 1037 60 90 bis. Der Montblanc von Echichens aus 250

447 830 458 55 Gustav Michel. München.

163 871 1040 67 91. Junge Freunde 700

532 938 302 63 F. Furet. Genf.

165 990 1039 62 92. Die Sane, Greyerzerthal 700

513 1051 344 64 Baud-Bory. Genf.

167 1101 1037 62 93. Stall, Kub und Esel 600

163 1152 1043 55 94. Stall, Pferd 600

349 1211 575 68 Mlle. Pauline Cuno. Düsseldorf.

163 1264 1043 54 95. Mondaufgang 350

497 1329 356 58 J. Zelger. Luzern.

163 1382 1041 64 97. Im Schächenthal (Uri) 700

163 1436 1041 55 98. Das Matterhorn (Wallis) 600

441 1501 473 57 Emil Keymeulen. Lacken.

146 1548 1058 69 101. Herbstlandschaft. Bois de Finges. Wallis 1000

450 1630 448 48 E. v. Ernst. Düsseldorf.

146 1672 1060 65 102. Schloss Oberhofen. Thunersee. 450

479 1753 396 66 Carl Toeche. Zürich.

146 1801 1058 75 103. Haslithal, nahe bei Meiringen 800
