1320 2244
447 282 573 60 Mathilde Kopp in München.

200 344 1046 52 179. Frühlingsbluthen 200.

447 426 564 63 August Seidel in München.

196 489 1052 60 180. Auf der Walserhaide bei Salzburg 250.

509 579 438 60 Albert Blau in Bern.

196 637 1052 69 181. Abend auf der Wengernalp am Eiger 400.

436 729 590 58 2 Amelie Vanotti in Konstanz.

194 789 1047 59 182. Auf der Insel Rügen 125.

376 873 694 73 Fräulein E. Brunner in Konstanz.

194 940 1045 62 183. Am Bndensee 130.

473 1024 506 58 2 Paul Robinet in Gersau.

194 1086 1045 60 184. Oliviers près de Mentone 3000.

454 1170 536 67 Philipp Roth in München.

190 1234 1045 61 185. Aus der Umgebung von München 300.

432 1320 582 58 2 Eugen Hettich in Stuttgart.

196 1381 1013 55 186. Waldeinsamkeit 650.

473 1458 502 56 Arthur Calame in Genf.

192 1516 1041 56 187. Bord du Lac de Genève à Céligny 1200.

522 1595 404 69 A. Veillon in Genf.

194 1664 1006 45 188. 2500.

454 1735 536 60 Ernst Müller in München.

190 1804 998 49 189. Verschlafen 650.

501 1875 437 60 Treidler in München.

190 1939 998 93 190. Spinnerin 850.
