1320 2244
619 157 229 46 – 14 –

1123 248 150 53 Fr. Ct.

447 282 573 60 Mathilde Kopp in München.

200 344 1046 52 179. Frühlingsblüthen 200. –

447 426 564 63 August Seidel in München.

196 489 1052 60 180. Auf der Walserhaide bei Salzburg 250. –

509 579 438 60 Albert Blau in Bern.

196 637 1052 69 181. Abend auf der Wengernalp am Eiger 400. –

436 729 590 58 Amelie Vanotti in Konstanz.

194 789 1047 59 182. Auf der Insel Rügen 125. –

376 873 694 73 Fräulein E. Brunner in Konstanz.

194 938 1060 60 183. Am Bndensee 130. –

473 1024 506 58 Paul Robinet in Gersau.

192 1084 1069 51 184. Oliviers près de Mentone 3000. –

454 1170 536 67 Philipp Roth in München.

190 1234 1062 60 185. Aus der Umgebung von München 300. –

432 1320 582 58 Eugen Hettich in Stuttgart.

196 1380 1058 56 186. Waldeinsamkeit 650. –

473 1458 502 56 Arthur Calame in Genf.

192 1516 1066 56 187. Bord du Lac de Genève à Céligny 1200. –

522 1595 404 69 A. Veillon in Genf.

194 1664 1064 45 188. 2500. –

454 1735 536 60 Ernst Müller in München.

190 1802 1066 45 189. Verschlafen 650. –

501 1875 437 60 Treidler in München.

190 1944 1066 51 190. Spinnerin 850. –
