1388 2271
465 287 523 68 Wilhelm Benteli in Bern.

191 350 1022 53 56. Die Blümlisalp 450.

498 416 456 59 Jules Hébert in Genf.

191 478 1056 59 58. Kapelle auf dem Taborberge 300.

448 560 555 60 Chr. Baumgartner in Bern.

193 616 1052 63 60. Iseltwald am Brienzersee (Aquarell) 100.

193 673 1049 48 61. Ob Lauterbrunnen idem. 100.

490 745 477 61 Wymann-Mory in Bern.

193 813 1009 48 63. Nach dem Regen 130.

193 866 1007 49 64. Im Lauterbrunnenthal 250.

490 953 487 46 1 Gustay Castan in Genf.

198 1003 1051 49 65. Waldbach im Winter 1000.

490 1082 481 59 Wymann-Mory in Bern.

200 1144 1034 48 66. Bei Guggisberg 280.

473 1228 507 58 Marie Baap in Hamburg.

200 1286 1051 50 67. Aus meinem Garten 350.

480 1351 510 62 Hans Baur in Konstanz.

202 1413 867 55 60 Ekkehard liest der Herzogin vor. Thon gruppe 350.

439 1548 596 56 Fernand Gaulis in Lausanne.

204 1610 1006 47 69. Genfersee bei Lausanne 1500.

473 1684 532 58 Leon Delachaux in Paris.

210 1748 1045 49 70. Kleine Fischerin 350.

460 1828 558 58 Josef Geisser in Lausanne.

212 1884 1045 63 71. Gletscher von Courmayeur 450.

213 1936 1044 66 72. Motiv aus dem Thale von Plon 180.

213 1990 1002 52 73. Geisshütte am Felsen 200.
