1346 2131
485 284 560 67 Gustav Castan in Genf.

261 342 972 61 65. Waldbach im Winter 1000

419 392 628 60 (Von Basel in die Verloosung gekauft.)

510 443 498 68 Wymann-Mory in Bern.

261 506 972 53 66. Bei Guggisberg 280

469 566 521 62 Marie Baap in Hamburg.

261 619 978 62 67. Aus meinem Garten 350

428 674 613 62 Fernand Gaulis in Lausanne.

263 736 972 61 69. Genfersee bei Lausanne 1500

458 792 546 65 Leon Delachaux in Paris.

268 850 962 59 70. Fischermädchen 350

449 914 569 52 Josef Geisser in Lausanne.

266 964 967 60 71. Gletscher von Courmayeur 450

264 1015 973 54 72. Motiv aus dem Thale von Plon 180

266 1070 967 57 73. Geisshütte am Felsen 200

380 1113 706 64 (Von St. Gallen in die Verloosung gewählt.)

499 1170 468 58 Sophie David in Genf.

264 1225 968 55 74. Kirche St-Pierre in Genf 350

401 1283 672 61 Helene Stromeyer in Karlsruhe.

264 1344 971 48 76. Ein Kranz 1000

366 1394 732 76 Louis Mennet in Bégnins (Waadt).

264 1457 971 56 78. Am Genfersee 240

264 1507 971 57 79. Motiv bei Amsterdam 280

264 1560 973 48 80. Wintermorgen 160

263 1608 976 55 81. Erinnerung an Holland 200

497 1669 491 60 Wymann-Mory in Bern.

263 1727 976 48 84. Sommertag am Murtensee 180

396 1788 685 60 Victor Puhonny in Baden-Baden.

264 1850 550 62 87. Mühle bei Gutasch in Baden

855 1841 373 57 Von Glarus in 125

846 1891 236 46 die Verloosung

268 1909 958 67 88. Waldinneres gewählt 125
