1412 2211
538 248 514 57 Simonet, F. P., in Genf.

265 311 1052 50 188. Halte de Touristes en Valais (49) 1000

263 357 1053 50 189. Marchand d’Oranges en Algérie (50) 500

503 412 588 57 Snell, Rudolf, in Hottingen.

265 484 1049 37 190. Auf dem Hasliberg (237) –

549 523 498 50 (In Solothurn zurückgezogen)

517 585 553 56 Sommer, C. A., in Altona.

265 648 1058 39 191. Meeresküste (65) 625

517 709 557 59 Stäbli, Adolf, in München.

265 773 1041 45 192. Ueberschwemmung (240) –

422 827 746 59 Staudacher, Vitus, in Baden-Baden.

265 897 1043 42 193. Wald im Herbst (147) –

265 948 1036 35 194. Wald im Frühling (148) –

311 978 951 59 (Beide Bilder in Solothurn gekauft und zurückgezogen)

517 1053 555 58 Steffan, J. G., in München.

272 1116 920 59 195. Murgsee in den St. Galler Hochalpen (241)

261 1168 1056 53 196. Aus den bayrischen Alpen (13) 1000

431 1238 735 57 von Steiger, Robert, in Düsseldorf.

259 1302 1044 41 197. Kinderportrait (238) –

259 1345 1047 42 198. Familienconcert (239) –

458 1391 662 64 Stelzner, Heinrich, in München.

259 1457 1058 46 199. Freud und Leid (34) 1250

436 1512 708 61 Stirnimann, Friedrich, in Luzern.

261 1577 1056 51 200. Studienkopf (242) 300

259 1628 1047 41 201. Ueberrascht (243) –

462 1661 664 61 (In Bern für die Verloosung gewählt)

261 1707 1056 58 202. Dämmerung (244) 1200

396 1778 789 75 Stoffert, Friedrich, in Charlottenburg.

263 1846 1053 59 203. Motiv aus dem Billthal (32) 320
