1424 2198
395 241 557 57 Bocion, François, à Ouchy.

161 300 1033 44 34. Embouchure de la Veveyse (281) –

161 346 1030 44 34a. Schiffer am Genfersee (311) 1400

410 399 522 58 Boecklin, Hans, in Basel.

159 459 1032 42 35. Seelandschaft (164) 500

311 509 707 58 Breitenstein, Ernst, in Binningen.

157 560 1032 44 36. Daheim (287) 900

157 602 1032 48 37. In der Sennhütte (116) 900

430 657 482 55 Brot, Eduard, in Genf.

157 718 1032 45 38. Souvenir d’Etretât (165) 700

157 765 1032 42 39. Ebbe (166) 700

368 811 595 48 (Beide in Lausanne zurückgezogen)

357 860 621 59 Buchser, Franc, in Solothurn.

157 921 1032 42 40. Old virginia home (12) 6000

155 963 1028 44 41. Olivenhain (301) –

159 1000 431 55 42. 43. (Siehe Seite 19)

384 1056 561 61 Bürgel, Hugo, in München.

157 1122 1032 42 44. Auf den Amperauen (90) 600

405 1174 527 58 Calame, Arthur, in Genf.

155 1234 1019 48 45. Mittagszeit in Venedig (167) –

329 1276 662 51 (In Aarau gekauft und zurückgezogen)

157 1318 1014 48 46. Herbstmorgen am Canal grande (168) –

388 1357 555 57 (Von der Section Locle gekauft)

157 1404 1010 46 47. Canale dei Mendicanti in Venedig (169) –

331 1445 658 58 (In Aarau gekauft und zurückgezogen)

410 1503 510 55 Castan, Gustav, in Genf.

155 1562 1028 51 48. Umgegend von Préfargier (299) 2000

155 1606 1010 46 49. Le Pigne d’ Arolla (308) –

155 1644 1027 48 50. Küste der Bretagne (91) 2000

394 1699 533 57 Castres, Eduard, in Genf.

153 1758 1030 44 51. Militärmesse (47) 4000

152 1802 1013 44 52. Schweizerische Batterie (48) –

500 1838 310 59 (In Bern gekauft)
