1438 2223
420 263 526 51 Muheim, Jost, in Luzern.

151 316 1051 52 143. Morgenstimmung am Luzernersee (214) –

403 387 580 63 Nägeli, Heinrich, in Zürich.

151 453 1055 45 144. Bei Ermatingen (215) 500

409 514 558 62 Nägeli, Betty, in München.

153 583 1053 54 145. Frühling am Wallenstattersee (216) 500

153 635 931 35 146. Gebirgslandschaft (217)

400 668 552 52 (Von der Section Locle gekauft)

155 716 1051 41 147. Dorfeingang (218) 600

305 778 762 55 de Niederhäusern, Sophie, à Genève.

153 844 1053 43 148. Vor dem Gewitter (219) 400

153 892 1055 37 149. Alte Apfelbäume (220) 300

429 950 484 67 Nüesch, J., in Balgach.

153 1024 1032 39 150. Hirtenkinder im Frühling (54) –

340 1057 673 54 (In Aarau für die Verloosung gewählt)

340 1130 686 55 Obermüller, Marie, in Karlsruhe.

157 1198 1051 41 151. Syringen (44) 250

331 1255 701 65 de Palezieux, Edmond, in Vevey.

155 1320 1051 56 152. Vesperläuten in Savoyen (221) 3000

403 1387 577 57 Pfyffer, Niklaus, in Luzern.

155 1448 1053 48 153. Baumgruppen am See (223) 400

346 1524 671 58 Peters, Petronella, in Stuttgart.

153 1585 1055 50 154. Kleine Theegesellschaft (36) 300

403 1661 558 56 Peters, P. F., in Stuttgart.

155 1722 1053 48 155. Schloss in Tirol im Winter (37) 350

398 1789 563 63 Peters, Anna, in Stuttgart.

153 1856 1053 42 156. Blumenstück (89) 320
