1423 2190
339 237 603 58 Röthlisberger, W., à Thièle.

109 304 1058 50 174. Schiffarbeiter, Steine ausladend (230) 3000

368 377 541 57 Rouge, Frédéric, à Aigle.

107 441 1060 46 175. Heimkehr des Holzbauers (231) 2000

288 489 691 49 (Für das Museum in Lausanne gekauft)

290 560 712 56 Rüdisühli, Hermann, in Stuttgart.

107 624 1058 40 176. Waldbach (232) 700

107 669 1058 42 177. Heimwärts (233) 1000

348 733 592 55 Rüdisühli, Lorenz, in Basel.

109 808 1056 35 178. Memento mori (234) 3500

109 854 1052 36 179. Abandonato (235) 4000

356 905 568 58 Runge, Julius, in München.

109 983 1038 31 180. Stille See (61) –

266 1011 735 54 (In Solothurn für die Verloosung gewählt)

111 1065 1052 37 181. Insel Ona (66) 150

111 1100 1054 46 182. Hafendamm von Ostende (67) 200

363 1166 554 56 Scheffer, R., in Karlsruhe.

111 1233 1052 55 228. Früh übt sich, wer ein Meister werden will (97) 1100

261 1301 749 60 Schenker, Alois, Jakob, in Dresden.

111 1366 1052 46 183. An der Küste der Normandie (236) –

230 1408 814 53 (In St. Gallen aus dem Bundesbeitrage gekauft)

266 1485 751 57 Schillig, Josephine, Ebikon, Luzern.

107 1543 1052 44 184. Stillleben (276) 600

341 1606 583 56 Schuster, Rudolf, in Berlin.

105 1669 1056 42 185. Winterlandschaft (45) 1000

105 1710 1056 47 186. Mühle im Walde (46) 350

363 1777 537 68 Seltzer, Otto, in München.

105 1841 1056 53 187. Landschaft mit Kühen (40) 300
