1417 2198
461 254 640 57 Baumgartner, Christ., in Bern.

267 316 1023 50 16. Im Wiesengrund (126) –

403 357 746 60 (In Solothurn für die Verloosung gewählt)

443 428 682 55 de Beaumont, Auguste, in Genf.

267 490 1038 48 17. Der erste Frühling (115) 800

265 536 1029 50 18. Rhododendrons (159) –

496 602 569 61 Benner, Emanuel, in Paris.

267 666 1040 42 19. Elsäßer Mädchen (92) 1500

265 714 1040 40 20. Vor dem Bade (93) 1000

265 756 1036 42 21. Vestalin (94) 800

265 800 1038 42 22. Im Walde (95) 300

265 842 1036 44 23. Bernermädchen (96) 700

493 893 570 57 Benoit, Caroline, à Genève.

265 961 1023 44 24. Passeroses et Pavots (11)–

493 1012 561 57 Benteli, Wilhelm, in Bern.

265 1077 1016 42 25. Am Thunersee (17) –

621 1113 317 53 (In Bern gekauft)

265 1159 1034 46 26. Am Zugersee (160) 400

529 1216 497 55 Beurmann, E., in Basel.

265 1282 1036 42 27. Bernermeitschi (297) 480

445 1342 664 61 Bindschedler, Emma, in Zürich.

267 1408 1040 44 28. Studie (Pastel) (144) 450

269 1454 1036 44 29. Morgenspaziergang (162) 350

478 1509 607 57 Berthoud, Alfred, in Murten.

267 1569 1036 42 30. Fischer im Seelande (161) 1000

339 1635 878 62 de Boccard, Elise, in Itschwill (Freiburg).

267 1701 1038 39 31. Chorknabe (163) 250

533 1752 502 65 Bodmer, Karl, in Paris.

267 1811 1038 48 32. Winterlandschaft (277) 1500

267 1857 1038 47 33. Nebelstimmung (278) 1500
