1411 2210
510 364 469 55 Doppelmeyer. Carlsruhe.

254 418 309 47 43. Stillleben.

556 493 377 55 Du Mont, A. Genf.

252 548 984 59 44. 172 Der Weg von Colombier. 500

252 598 985 59 45. 173 Zu Schaffhausen. 600

252 646 984 59 46. 175 Schloss Tourbillon in Sitten. 200

543 716 400 59 Dunant, Marc. Genf.

252 775 984 62 47. 41 Der grosse Kanal in Venedig. 300

250 825 986 60 48. 42 Der Kleine Platz in Venedig. 200

252 876 984 57 49. 44 Fischerschiff in Bordighera. 200

637 944 219 67 Duntze, J.

254 1007 982 64 50. 144 Kloster bei Sion. 750

537 1088 428 61 Dupont. Justin. Genf.

254 1152 980 65 51. 351 Bildniss von F. Diday. 500

337 1232 814 59 Ferragutti, Adolf, von Lugano, in Mailand.

256 1294 359 59 52. 497 Mein Modell.

254 1344 363 51 53. Weinschenke.

326 1416 834 64 Frl. Frey, Friederike. Freiburg im Breisgau.

254 1482 980 53 54. 404 Früchte. 180

423 1559 645 56 Frl. Freytag, Mathilde. München.

254 1618 978 61 55. 68 Landschaft am Chiemsee. 220

338 1690 855 57 Frœhlicher, Otto, von Solothurn, in München

256 1755 980 64 56. 228 Dämmerung in der Umgegend von Dachau. 1100.

259 1804 925 56 57. Landschaftsbild aus der Umgegend von München.

565 1869 363 64 Gaud, Jules. Genf.

257 1933 956 78 58. 320 Ein Sumpf. (Gewählt von Genf in die Lotterie).
