1460 2229
469 393 418 50 Geisser, J. Lausanne.

189 451 983 61 59. 119 Irländische Landschaft. 350

191 503 981 54 60. 120 Thal de Fée (Wallis). 250

189 562 983 41 61. 122 Zu Glengariff. 1000

185 609 979 41 62. 123 Der Dent von Morcles und die Rhone. 200

187 648 866 54 63. 121 Landschaft in der Bucht von Kenmare. (Von

341 698 660 56 Lausanne in die Verloosung gekauft.)

475 770 409 60 Gobbi, Henri. Turin.

189 834 979 63 64. 28 Das getheilte Frühstück. 300

187 889 977 52 65. 29 Nach dem Gewitter. 200

440 958 479 59 Grob, Konrad. München.

185 1027 983 52 66. 213 Schlacht bei Sempach. 6000

533 1099 302 60 Guillarmet, J.

183 1162 541 56 67. Sonnige Häuserfaçaden.

512 1237 335 57 Hébert, J. Genf.

183 1303 985 58 68. 221 Zwei Freunde zu Konstantinopel. 600

183 1354 983 57 69. 222 Nahr-el-Kelb, am Ufer des Chien (Syrien). 600

484 1430 396 52 Herterich. München.

191 1489 971 63 70. 11 Friederich mit der gebissenen Wange. 2000

347 1538 704 55 (Seine Mutter Margarethe, Markgräfin von

323 1590 745 53 Thüringen, zur Flucht von der Wartburg

321 1636 747 61 gezwungen, biss ihn in der Anwandlung

325 1686 577 52 von Verzweiflung in die Wange).

347 1762 656 60 Heimerdinger, Friedr. Hamburg.

189 1820 975 65 71. 270 Die ungebetenen Gäste. 1200

440 1900 472 68 Heyn, August. München.

187 1965 973 67 72. 297 Sackpfeifer. 625
