1405 2210
464 360 325 61 Usteri, A. Nyon.

132 414 880 59 189. 124 Bildniss des Herrn M. Dubs, nach einer¬

283 464 236 55 Photographie.

193 535 848 56 Vollenweider, Gustav von Bern, in München.

134 594 319 63 190. Stillleben.

130 712 876 63 191. Kopf eines Greisen. (Eigenthum des Musée

374 659 503 55 Vuillermet, Ch. Lausanne.

317 766 145 48 Arlaud).

130 885 878 59 192. Der Heldenkampf der Schwyzer am rothen

352 826 542 59 Vigier, Walter in Solothurn.

311 937 791 50 Thurm 1798. 3500

311 979 699 59 „Nicht nur die kräftigen Männer, selbst

272 1033 736 51 Greise, Weiber und Minderjährige gingen

271 1079 737 53 in die Schlacht. Weiber und Töchter zogen

274 1127 730 53 Kanonen von Brunnen bergan gen Rothen¬

272 1174 731 52 thurm. Sie waren meistens mit Morgen¬

271 1224 737 54 sternen bewaffnet und trugen Hirtenhemden

272 1270 736 56 über ihre Kleidung; sie schanzten, thaten

274 1318 734 55 Botendienste, brachten Lebensmittel, be¬

274 1366 732 55 wachten die Fuhren und besorgten die

276 1418 730 51 Verwundeten; ihnen halfen die Kinder;

276 1469 730 48 Viele nahmen selbst Theil am Kampf. Mann

272 1512 732 60 und Weib und Kinder in gleicher Gefahr

271 1561 614 54 nnd einander treu bis in den Tod.“

416 1624 410 57 Wymann-Mory. Bern.

127 1679 979 55 193. 66 Im Thal von Lauterbrunnen. 350

127 1729 975 55 194. 126 Ruinen von Weissenau bei Interlaken. 400

127 1782 971 61 195. 232 Waldweg bei Bern. 700

127 1832 975 44 196. Studienkopf. 200

127 1876 977 55 197. Frühling im Walde. 280

127 1922 975 68 198. Bei Montelier am Murtensee. 70
