1411 2213
523 346 279 56 de Molins, A.

160 398 568 57 119. 428 Landschaft mit Thieren.

464 472 377 55 Muheim, J. Luzern.

158 532 980 63 120. 235 Eine Säge im Melchthal. 350

160 588 976 64 121. 465 Frühlingsmorgen auf dem Luzernersee. 850

407 656 483 59 Müller, Moritz. München.

164 726 970 59 122. 266 Rehe im Winter. 200

158 772 974 63 123. 266 Gemsen auf der Flucht. 200

405 840 484 61 Müller, August. München.

156 903 976 52 124. 429 Schwäbischer Bauer. 250

156 953 976 53 125. 430 Der Schreibunterricht. 400

154 999 976 52 126. Freundschaft. 250

499 1067 297 65 Nerly, F. Rom.

154 1124 978 59 127. Der Vesuv (im Mondschein). 700

156 1178 976 52 128. Sturm zu Amalfi. 500

156 1224 976 55 129. Insel Capri bei Sonnenaufgang. 500

398 1296 500 63 Nedmann, Aug. München.

158 1353 965 52 130. «Aus den Lehrjahren». 450

418 1423 450 57 Olivié, Léon. Narbonne.

156 1482 867 61 131. 229 Rast zweier Gesellschafter. (Zum Verkauf).

389 1554 498 55 de Palézieux, E. Venedig.

151 1611 974 54 132. 424 Der Rabensumpf zu Bouveret. 400

156 1663 627 52 133. Portrait. (Privateigenthum.)

505 1729 269 59 Pautex. Genf.

153 1790 972 54 134. 236 Decoratives Feld. 1200

344 1862 581 65 Peters, Pietronella. Stuttgart.

151 1917 972 65 135. 110 Spielende Kinder. 430
