1421 2209
501 368 571 53 de Beaumont, Aug.-B. Genf.

298 419 874 66 12. 99 Ufer der Tiber (von Genf in die Lotterie

479 467 164 59 gewählt.)

296 515 986 51 13. 100 Schnepfen. 600

298 566 984 63 14. 101 Rebhühner. 600

442 644 700 61 Baron v. Bechtolsheim, G. München.

298 699 986 57 15. 193 « Bei Rosenheim ». 375

611 752 349 65 Benteli, W. Bern.

298 828 984 53 16. 214 Umgegend von Brienz. 350

304 868 978 59 17. « Bei Iseltwald ». 350

523 929 531 57 Frl. Benteli, Elise. Florenz.

298 988 982 63 18. « Auch eine Bestellung ». 700

521 1052 531 70 de Blaas, Eugène. Venedig.

300 1113 982 63 19. 10 Eine ernsthafte Geschichte. 3000

617 1185 348 59 Bocion, F. Ouchy.

298 1242 986 59 20. 88 Fischerruhe. 300

298 1292 984 61 21. 90 Umgegend von Ouchy. 150

298 1341 984 61 22. 446 Venezianische Schiffe. 1200

514 1413 560 54 v. Bonstetten-Mestral. Bern.

300 1472 980 61 23. Bauernhaus auf Capri. 150

514 1520 558 52 (Erlös zu wohlthätigem Zweck.)

495 1586 596 65 v. Bonstetten-v. Roulet. Bern.

298 1643 418 57 24. Damen Portrait.

300 1691 308 55 25. Genrebild

506 1756 562 70 Brandenburg, W. Düsseldorf.

302 1813 982 68 26. 275 Mühle von Golling. 225

641 1883 308 60 Brünner. Basel.

305 1925 481 83 27. 263 Kopf eines Kriegers.
