1478 2233
420 372 536 63 Buchser, Frank. Solothurn.

195 411 979 67 28. 64 Englische Köhler. 3500

195 468 979 60 29. 60 Civitella, in der Sabine. 4000

195 519 977 63 30. 61 Englische Schreiner. 1500

463 586 445 57 Calame, Arthur. Genf.

197 643 877 62 31. 165 Unfall auf dem Meer. (Erinnerung an

379 695 497 54 Boulogne.) Zum Verkaufen.

202 742 853 52 32. 439 Ausschiffung zu Vernex, Zum Verkaufen.

577 820 227 60 Carilly, H.

197 870 683 54 33 Ländliches Fest. (Kanton Bern).

517 934 322 57 Castan, G. Genf.

201 989 694 60 34. 448 Schloss Chillon. Zum Verkaufen.

197 1042 836 54 35. 408 Unwetter in den Alpen. Zum Verkaufen.

418 1116 540 56 Ciardi, Guillaume. Venedig.

197 1166 977 69 36. 84 Eine Jdylle (Lagunen von Venedig). 2000

450 1244 467 62 Corregio, Jos. München.

197 1302 975 52 37. 301 Stillleben. 250

420 1367 516 67 Deininger, C. F. München.

195 1429 977 46 38. 419 Rehkopt. 62. 50

327 1501 721 58 Deschamps, Aimé. von Genf, in Paris.

193 1555 977 65 39. 78 Der Korb mit ausgeleerten Aepfeln. 500

489 1630 398 61 Didier, Jules. Paris.

195 1687 849 65 40. 129 Landschaft zu Olevano. Zum Verkaufen.

498 1764 365 59 Douzon, Th. Genf.

191 1821 883 56 41. 52 Frühlings-Abend zu Lancy. (Von Genf in die

381 1877 357 52 Verloosung gewählt.)

191 1918 976 74 42. 53 Frühlings-Morgen. 150
