1308 2056
336 219 517 55 J. J. Schlatter in Basel.

114 277 954 53 120. Portrait des Herrn Prof. Mommsen 400

361 359 468 55 Henri Hébert in Genf.

116 419 952 55 121. Kapelle in Salvagny, Wallis 175

289 498 611 63 Elise Horlacher in Stuttgart.

114 560 950 55 126. Stillleben (im Herbst) 220

312 637 564 56 Alfred Schöck in Brunnen.

114 697 954 55 131. Auf der Frohnalp im Frühjahr 350

315 777 557 55 Otto Gampert in München.

113 854 951 48 135. Landstrasse bei Dachau 250

327 923 531 57 Adolf Stäbli in München.

113 992 949 54 136. Ueberschwemmung 450

265 1039 652 52 (Von Basel in die Verloosung gekauft.)

281 1111 629 55 Mathilde Freytag in München.

113 1178 948 52 140. Zugspitze mit Frillensee 450

320 1255 549 55 Victor Tobler in München.

113 1322 948 52 141. Zwingli im Familienkreise 5000

334 1398 514 58 Paul Robinet in Gersau.

111 1468 950 50 142. Vierwaldstättersee 400

265 1518 640 47 (In Zürich in die Verloosung gekauft.)

111 1565 950 54 143. Uristock am Vierwaldstättersee 4000

320 1641 537 55 Fr. Zuberbühler in Paris.

111 1708 950 58 144. Der Frühling als Arzt 4000

111 1768 946 58 145. Der Flüchtling 500
