1298 2071
514 215 507 54 Arthur Calame in Genf.

284 272 960 52 237. Eglise de Fontarabie 800

509 334 514 54 O. Gampert in München.

284 395 957 46 238. Motiv aus Tirol 700

509 450 516 53 A. Treidler in München.

284 516 958 43 239. Römerin 500

498 569 539 55 H. v. Klenze in München.

284 631 958 45 240. Sieger und Besiegter 600

521 695 504 55 Albert Welti in Zürich.

288 752 811 55 241. Frühmesse an einem Seitenaltar der

386 807 860 49 Frauenkirche in München 500

464 874 611 56 Fr. Hermesdorff in München.

286 933 958 48 243. In der Klosterschule 6250

417 999 711 55 F. X. v. Riedmüller in Stuttgart.

286 1059 956 50 245. Mühle in Richisau (Kohlenzeichnung) 200

286 1114 960 47 246. Klönthalersee idem 200

286 1166 960 45 247. Weg in’s Maderanerthal 250

512 1223 518 55 X. Schwegler in Luzern.

288 1287 961 41 248. Wildpret 450

289 1337 960 45 249. Erlegter Hase 500

555 1392 434 54 F. Bocion in Ouchy.

289 1451 960 52 251. Jeune fille de la Fourronde 350

519 1518 511 55 E. Stückelberg in Basel.

293 1584 956 45 258. Spiegelgruss 1200

548 1642 456 57 Eduard Brot in Genf.

291 1708 958 43 264. Fuyant devant l’orage 350

293 1756 956 49 265. Entré du Port du Hâvre 450
