1292 2115
377 148 430 56 Albert Wagner. Basel.

56 193 1057 66 163. Märtyrer unter Nero 2100

403 255 374 67 J. Muheim. Luzern.

58 313 1054 76 164. Historische Landschaft. Tell rettet Baumgartner 2000

396 385 383 66 Aug. Rössler. Wien.

52 440 1058 55 165. Die Toilette 450

52 486 1060 62 166. Getheiltes Frühstück 450

451 551 268 65 Guigon. Genf.

51 597 1057 63 167. Ansicht von Brienz 800

51 650 1061 53 168. See von Géronde (Wallis) 700

364 710 443 54 X. Schwegler. Luzern.

52 757 1058 60 169. Trinkgefässe aus dem XVI. u. XVIl. Jahrhundert 1200

51 810 1059 57 170. Auf der Lauer 450

368 870 435 55 Jost Schnyder. Luzern.

52 916 1056 69 171. Landschaft bei Vitznau mit dem Pilatus 580

51 969 1059 58 172. Der Buchenberg (Uri) 400

51 1015 1057 63 173. Vierwaldstättersee 500

400 1078 372 58 S. Delapeine. Genf.

49 1124 1059 67 174. Umgegend von Morgin 150

51 1179 1057 61 175. Ansicht des Falkniss von Ragatz aus 110

51 1224 1057 55 176. Morgen bei Villafranca 200

51 1272 1057 60 177. Bettler in der Umgegend von Nizza 110

52 1321 956 69 178. Die Berge des Corniche und der Golf von Essa

193 1374 912 60 von St. Jean aus 110

370 1436 426 55 Albert Wagner, Basel.

47 1480 1056 65 181. Portrait (Kreidezeichnung) 80

47 1535 212 56 182. id.

313 1595 533 63 Mdme. Darier-Guigon. Genf.

45 1640 1058 57 183. Rosenstrauss 100

45 1697 1056 49 184. Feldblumen 80

274 1755 605 65 Mlle. Henriette Kelly. St. Gallen.

47 1797 1056 81 185. Idylle (Aquarell) 30
