1359 2234
520 204 458 54 Niclaus Pfyffer in Luzern.

214 256 595 54 124. Der Kochelsee in Oberbaiern.

343 307 822 52 (Von der Section Basel in die Verloosung gewählt.)

212 361 1079 39 125. Eichenallee. 420

212 407 1078 43 126. Am Axen. 500

501 465 501 56 Joseph Geisser in Lausanne.

212 517 1079 43 127. Waldweg. 2500

216 571 1075 39 129. Der Engstelenbach. 450

529 642 447 44 Clara Müller in Bergamo.

214 692 1079 39 134. Studienkopf. Privatbesitz.

212 733 984 48 135. Männliches Porträt. Privatbesitz.

214 787 977 41 136. Frauenporträt. Privatbesitz.

391 848 725 56 Jakob Wagner von Gelterkinden in Rom.

212 908 1079 45 137. Aus der römischen Campagna. 350

576 982 354 47 F. Bocion in Ouchy.

214 1035 1079 44 138. Strasse in San Remo. 650

214 1089 1079 39 139. Départ des Pêcheurs du lac Léman. 700

216 1137 1075 41 140. Bei Venedig. 260

219 1187 275 45 141. Bei Ouchy

344 1236 822 42 (Von der Section Basel in die Verloosung gewählt.)

564 1303 381 48 Jules Hébert in Genf.

216 1357 1077 41 142. Halte, femme italienne; Aquarell. 180

542 1426 425 48 Paul Robinet in Gersau.

216 1485 1079 39 143. Trappisten als Gärtner. 1200

518 1547 470 55 Lorenz Rüdisühli in Basel.

218 1599 1075 50 145. Herbstspätabend. 1800

553 1668 408 44 Jakob Böhme in Basel.

218 1709 1075 44 146. Winterastern. 400

518 1766 475 58 J. Chelminsky in München.

219 1818 1072 45 147. Schlittenparthie in Russland. 800
