1397 2254
515 202 477 57 Christian Mali in München.

210 247 1083 49 177. Heimkehr vom Markte. 600

212 309 1081 42 178. Abend im Dorfe. 500

439 368 627 56 Achilles Schlöth aus Basel in Rom.

210 416 1083 47 179. Der Fischerknabe (Marmorstatue). 5500

507 482 495 51 Karl Spitz in Freiburg i. B.

210 531 1083 49 180. Heiteres Wetter. 250

543 593 425 58 Ludwig Jäggi in Basel.

210 640 1081 45 181. Waldinneres. 80

212 693 1081 39 182. Aus dem Hardtwalde. 50

535 753 435 49 Paul Robinet in Gersau.

214 800 1079 43 183. Bei Brunnen. 550

503 854 508 58 Johann Pollack in München.

214 918 1083 36 184. Der Ausrufer (Broncefigur). 400

569 969 374 54 Franz Aerni in Rom.

216 1025 1079 47 185. Ein Abend in Santa Lucia. 1500

219 1072 546 53 186. Porta Capuana in Neapel.

338 1117 837 53 (Von der Section Aarau in die Verloosung gewählt.)

216 1162 387 53 187. Kinderprozession.

336 1205 839 57 (Von der Section Zürich in die Verloosung gewählt)

547 1269 419 60 Raphael Ritz in Sitten.

214 1335 1085 34 188. Der Schmied als Arzt. 3500

212 1371 1087 45 189. In den Heidelbeeren. 450

552 1431 416 56 Joh. Sperl in München.

212 1489 1087 34 190. Frühlingszeit. 1000

528 1540 460 56 Albert Fierz in München.

212 1598 1081 36 192. Waldlandschaft. 350

492 1660 525 45 Karl Eckermann in Hannover.

214 1699 1085 49 193. Partie am Lautersee mit dem Wettersteingebirge. 2200

532 1775 451 48 C. Spitz in Freiburg i. B.

216 1823 1077 44 194. Ein Sommertag, Motiv aus dem Schwarzwald. 300
