1409 2245
557 203 442 47 Edouard Castres in Genf.

245 254 263 49 21. Dorfbrand.

404 306 754 53 (Von Basel aus dem Bundesbeitrage angekauft.)

570 374 425 46 Adolphe Potter in Genf.

245 422 602 55 22. Sumpf bei Camargues in Genf.

404 486 744 47 (Von Basel aus dem Bundesbeitrage angekauft.)

602 551 356 47 Elise Prehn in Kiel.

243 606 191 43 24. Rosen.

458 643 636 54 (Von Aarau in die Verloosung gewählt.)

550 710 454 55 Konrad Grob in München.

239 765 1074 54 25. Die Pelzkappe. 3000

563 836 430 52 Adolphe Potter in Genf.

239 894 1074 45 27. Sumpf bei Camargues. 1500

465 959 629 66 Wilhelm Brandenburg in Düsseldorf.

239 1019 1072 45 30. Baumlandschaft. 220

570 1101 417 43 H. Lewis in Düsseldorf.

239 1148 1072 45 31. Waldlandschaft. 1500

538 1225 481 47 Marguerite Massip in Genf.

237 1270 1076 50 32. Mädchen mit Rose. 250

237 1320 1076 45 33. Der Trinker. 400

595 1399 361 43 Fritz Nerly in Rom.

237 1448 1074 44 36. Blick auf Cap Orso im Golf von Salerno. 350

237 1496 1076 53 37. Kapuzinerkloster in Amalfi. 400

557 1564 438 54 C. F. Karthaus in Berlin.

237 1618 1076 47 45. Frühlingsmorgen im Rhonethal bei Bex. 1000

465 1691 614 48 Emma Guinand in Chaux-de-Fonds.

239 1745 1074 49 46. Vu dans un jardin. 200

239 1790 1074 47 47. Souvenir historique du Col-des-Roches. 200
