1375 2247
399 207 425 53 Paul Robinet in Gersau.

71 252 1081 47 48. Retour de la Forêt. 300

73 305 1079 43 49. Plage d’Etretât. 600

73 352 1079 44 50. Château de Balançon. 700

342 417 555 54 Ludwig Skell in Tölz (Bayern).

73 469 1079 45 52. Tölz mit der Benediktenwand. 200

370 533 486 58 Fanny Levy in Königsberg.

71 587 1081 44 53. Stadt und Land. 500

71 638 1081 41 54. In der Küche. 500

322 711 584 47 Friederike Frey in Freiburg i. B.

71 760 1081 35 55. Apfelblüthen. 300

333 825 566 51 Blanche Chavannes in Lausanne.

71 872 1079 49 57. Une table d’Artiste. 300

310 945 604 54 Paul von Ravenstein in Karlsruhe.

69 999 1083 42 58. Kapelle in Cortina di Ampezzo. 1260

359 1072 512 47 Julien Renevier in Lausanne.

71 1116 1081 43 59. Wo ist er?. 1000

69 1164 1083 45 60. Inneres der Kirche von Lugano. 500

370 1239 486 53 Ewert van Muyden in Genf.

71 1286 708 54 61. Carrière in der Campagna von Rom.

200 1344 817 47 (Von der Sektion Basel in die Verloosung gewählt.)

415 1396 388 57 Sophie David in Genf.

67 1458 1083 51 63 a. b. 2 Blumenstücke, pendants, zus. 500

408 1531 406 49 Marie Sandoz in Locle.

67 1576 1083 41 64. Le Gardien du logis. 400

382 1651 457 47 Niclaus Pfyffer in Luzern.

67 1690 1077 55 65. Waldweg im Vorgebirge. 300

402 1767 424 53 Adolphe Potter in Genf.

65 1812 1077 56 67. Aus der Umgebung von Toulon. 500
