1351 2245
389 192 428 58 Rudolf Koller in Zürich.

59 239 1073 52 272. Nebel in den Bergen. 2000

394 314 408 50 Arthur Calame in Genf.

61 357 1071 54 273. Paquetboote im Hafen von Genua. 1000

364 415 470 52 Moritz Stifter in München.

59 463 1074 45 274. In den Bergen. 150

411 521 380 55 M. Kopp in München.

59 570 1074 49 275. Herbstblumen. 475

387 639 430 47 X. Schwegler in Luzern.

59 690 1074 35 276. Mädchen mit Wildpret. 850

432 738 342 57 W. Benteli in Bern.

59 787 1073 43 277. Waldschlucht. 350

348 851 503 48 Frl. E. Brunner in Konstanz.

58 901 1074 40 278. Studienkopf. 200

363 954 473 54 F. Assenbaum in München.

59 1006 1073 43 279. Kleine Hirten. 280

58 1057 1072 41 280. Gänseheerde. 280

392 1120 414 47 M. Pitzner in München.

58 1165 1070 43 281. Im Stall. 560

364 1229 472 48 F. Stoppani in Francavilla.

58 1274 1070 46 282. Studienkopf. 1000

58 1320 1070 45 283. Landschaftsstudie. 1000

308 1386 578 48 Friederike Frey in Freiburg i. B.

58 1427 1068 49 285. Frucht- und Blumenkorb. 180

319 1496 556 47 Frl. Louise Melley in Lausanne.

61 1547 663 43 295. Avenue de Champitet à Yverdon.

174 1580 851 51 (Von der Sektion Lausanne in die Verloosung gewählt.)

364 1638 464 55 Frl. Terrisse in Montreux.

58 1687 1068 49 296. Effet du soir. 200

355 1743 477 56 Joseph Geiser in Lausanne.

56 1790 1074 58 303. Motiv in den waadtländischen Alpen. 150
