1358 2254
353 212 549 43 Gustav Kampmann in München.

86 251 1078 47 148. Aus Tirol. 375

88 298 1076 49 149. Herbstmorgen in Tirol. 375

327 364 604 51 Hans Garnjobst aus Basel in Rom.

86 411 1080 41 151. Fantasie. 550

92 458 673 60 153. Römische Landschaft; Aquarell. 280

90 510 1076 42 154. Kopf eines alten Mannes; Aquarell. 150.

404 563 455 56 Philipp Röth in München.

90 616 1078 52 156. Aus der Umgebung von München. 350

402 679 461 57 Maria Budinczky in Wien.

90 734 1078 43 157. Die Dämmerstunde. 750

402 787 457 58 Th. Kleehaas in München.

92 843 1077 43 158. Schwarzwälderin. 200

408 909 451 48 Konrad Grob in München.

92 950 1076 47 159. Abend am Thunersee. 5000

451 1018 367 48 Lisa Ruutz in Basel.

92 1059 474 54 160. Noch nichts verkauft.

216 1106 829 51 (Von der Section Zürich in die Verloosung gewählt.)

398 1168 469 56 Vittorio Avanzi in Verona.

90 1222 1079 43 161. Riva degli Schiavoni. 200

92 1271 1077 43 162. Morgen in Sorrent. 300

455 1335 353 47 Karl Gehry in Bern.

90 1378 1079 47 163. Durchwachte Nacht. 1400

394 1435 474 58 Alfred Schöck in Brunnen.

92 1491 1076 43 166. Bei Sonnenuntergang an der untern Donau. 800

387 1566 491 45 Adolf Feragutti in Mailand.

92 1607 1076 44 171. Weiblicher Studienkopf. 400

92 1662 1076 37 172. Weiblicher Studienkopf. 400

432 1724 401 47 Fritz Völlmy in Basel.

92 1769 1076 37 173. Villeneuve am Genfersee. 500

92 1818 1074 49 174. Alte Architektur in Gutach. 200
