1401 2249
523 206 435 56 J. Reichlen in Freiburg.

198 253 1084 44 68. Gang nach der Kirche. 1000

198 303 1086 47 69. Studie. 350

532 372 433 47 Jost Muheim in Luzern.

198 412 1086 49 70. Am Vierwaldstättersee. 450

521 470 443 56 C. Baumgartner in Bern.

200 526 1082 51 72. Aus der Umgegend von Jegenstorf; Aquarell. 90

566 580 358 57 Joh. Zahnd in Bern.

202 629 833 56 74. Aus dem Albanergebirge (verkauft in Bern)

515 691 464 56 Th. Kleehaas in München.

198 744 1086 45 77. Am Fenster. 375

523 800 442 56 Emil Gilliéron in Athen.

198 850 1084 49 80. Das Parthenon in Athen. 1000

489 920 503 48 E. Schatzmann in Lausanne.

196 957 1090 58 84. Tschingel im Kienthal; Aquarell. 80

538 1032 418 45 Gustav Castan in Genf.

200 1075 1086 40 85. Pigne d’Arolla. 1200

540 1139 425 58 François Poggi in Genf.

202 1176 381 57 86. Près de Reignier.

298 1225 891 53 (Von der Sektion Lausanne in die Verloosung gewahlt.)

543 1281 421 53 C. J. Way in Lausanne.

198 1332 1090 43 90. Ansicht vom Zinalhorn; Aquarell. 200

510 1400 470 58 W. Richrath in Hattingen.

198 1444 1092 45 91. Früchtestück. 375

198 1499 1090 39 92. Früchtestück. 375

513 1557 464 52 H. Forschner in Biberach.

198 1600 1088 45 95. Stillleben. 150

506 1668 476 46 Adolf Esinger in Salzburg.

202 1712 1086 45 96. Motiv an der Donau. 500

510 1769 474 56 Frieda Kieser in München.

202 1819 1088 45 99. Stillleben 300
