1382 2260
375 216 477 47 Christian Mali in München.

73 258 1078 48 195. Morgenstimmung im Walde. 1000

397 323 440 49 Alfred Du Mont in Genf.

73 367 1078 47 196. Die Lekture. 500

75 414 1076 45 197. Bei Evolena (Wallis). 450

77 461 1073 49 198. Der letzte Tag der Weinlese. 500

377 523 475 57 Ant. Steinach in München.

71 574 1080 55 202. Winter im Hochgebirge. 450

388 640 462 47 Otto Grashey in München.

71 681 1082 44 203. Standlaut. 500

414 723 406 58 Carl Hetz in München.

73 779 1078 44 205. Der Herr Bräutigam. 1200

380 849 475 43 Otto Gampert in München.

73 885 850 52 206. Am Zürichsee bei Rapperswyl, (Verkauft).

73 939 1078 44 208. Am Zürichsee bei Bachau. 500

407 996 424 56 Wilh. Marc in München.

73 1043 1077 45 209. Liebling. 550

397 1096 443 47 Paul Weber in München.

73 1137 1077 49 210. Motiv von Oberaudorf. 1500

352 1207 534 49 F. Meyer-Wismar in München.

73 1252 1078 41 211. Rast auf der Alm. 600

377 1307 475 56 Frl. B. Nägeli in München.

73 1359 1077 45 212. Hochmoor bei München. 900

388 1418 454 56 J. G. Steffan in München.

73 1470 1078 44 213. Bergsee aus Graubünden. 4000

75 1514 814 54 214. An den Abhängen der Isar bei München.

197 1561 836 51 (Von der Sektion Zürich in die Verloosung gewählt.)

392 1627 450 49 F. Leinecker in München.

71 1670 1079 47 216. Bei Castel Teno am Gardasee. 500

377 1740 477 43 Aug. de Beaumont in Genf.

73 1781 1077 42 221. Schlüsselblumen. 800

71 1828 1079 44 222. Oktobersonne. 400
