1407 2260
433 237 376 56 Fritz Nerly, à Rome.

90 305 945 49 36 Une échappée sur le cap Orso dans le golfe de

212 378 926 3 Salerne. 350

84 378 1059 47 37 Couvent de capucins, à Amalfi. 400

395 442 452 57 C.-F. Karthaus, à Berlin.

99 500 931 59 45 Matinée de printemps dans la vallée du Rhône

214 548 925 47 près de Bex. 1000

280 606 678 58 Emma Guinand, à la Chaux-de-Fonds.

86 683 1066 32 46 Vu dans un jardin. 200

84 710 1066 47 47 Souvenir historique du Col-des-Roches. 200

404 772 437 58 Paul Robinet, à Gersau.

86 826 1072 45 48 Le retour de la forêt. 300

86 866 1076 45 49 La plage d’Etretat. 600

84 903 1085 48 50 Le château de Balançon. 700

329 966 584 58 Ludwig Skell, à Tœlz (Bavière).

86 1030 1070 51 51 Wallgau avec les montagnes du Wetterstein. 200

84 1071 1076 45 52 Tœlz et la Benediktenwand. 200

374 1137 486 62 Fanny Levy, à Kœnigsberg.

88 1188 1070 45 53 La ville et la campagne. 500

84 1231 1083 42 54 A la cuisine. 500

269 1290 706 56 Friederike Frey, à Fribourg en Brisgau.

84 1354 1081 47 55 Fleurs de pommier. 300

322 1414 593 58 Blanche Chavannes, à Lausanne.

84 1468 1085 51 57 Une table d’artiste. 300

312 1531 614 60 Paul von Ravenstein, à Carlsruhe.

84 1593 1087 60 58 Chapelle près de Cortina di Ampezzo. 1260

359 1661 518 54 Julien Renevier, à Lausanne.

84 1719 1087 38 59 Où est-il ? 1000

86 1753 1096 47 60 Intérieur d’une église à Lugano. 500

344 1813 545 59 Ewert van Muyden, à Genève.

84 1875 782 51 61 Carrière dans la campagne de Rome.

316 1930 616 49 (Acheté à Bâle pour le tirage au sort.
