1420 2232
271 299 1091 46 16 Le pont des anges, à Rome. 550

591 239 436 58 Wymann-Mory, à Berne.

275 427 1087 47 18 Fleurs des champs. 375

576 358 468 66 Anna Peters, à Stuttgart.

275 552 1089 45 19 Portrait d’enfant. 350

588 487 456 57 Emile Beurmann, à Bâle.

271 682 510 54 21 Incendie de village.

563 611 505 58 Edouard Castres, à Genève.

541 738 536 43 (Acheté par la section de Bâle.)

271 870 631 54 22 Marais dans la Camargue.

573 797 471 58 Adolphe Polter, à Genève.

545 918 538 51 (Acheté par la section de Bâle.)

267 1047 1086 44 24 Roses. 250

627 983 368 69 Elise Prehn, à Kiel.

491 1086 664 48 (Acheté à Aarau pour le tirage au sort.)

271 1222 1093 50 25 Le bonnet de pelisse. 3000

595 1149 434 56 Conrad Grob, à Munich.

273 1355 1089 47 26 Maman fait une découverte. 375

602 1290 419 58 Anna Barth, à Munich.

271 1493 1093 47 27 Marais dans la Camargue. 1500

576 1426 469 56 Adolphe Potter, à Genève.

495 1566 640 54 Wilhelm Brandenburg, à Düsseldorf.

271 1629 1063 46 30 Paysage boisé. 220

269 1737 1063 50 31 Forêt. 1500

589 1688 440 56 H. Lewis, à Düsseldorf.

545 1798 530 58 Marguerite Massip, à Genève.

267 1871 1082 57 32 Jeune fille avec une rose. 250

271 1915 1080 41 33 Le buveur. 400
