1394 2234
376 228 412 58 Raphaël Ritz, à Sion.

46 288 1064 52 188 Le forgeron médecin. 3500

46 331 1064 54 189 Dans les myrtilles. 450

380 387 421 56 Joh. Sperl, à Munich.

46 452 1064 52 190 Printemps. 1000

357 502 451 58 Albert Fierz, à Munich.

46 558 1062 50 192 Forêt. 350

313 597 546 63 Karl Eckermann, à Hanovre.

61 662 937 56 193 Au bord du Lautersee en vue des montagnes du Wetterstein. 2200

270 768 626 52 C. Spitz, à Fribourg en Brisgau.

48 822 1062 60 194 Journée d’été dans la Forêt-Noire. 300

341 886 492 57 2 Christian Mali, à Munich.

48 943 1066 56 195 Matinée dans la forêt. 1000

339 1005 494 59 Alfred Du Mont, à Genève.

50 1076 1064 41 196 La lecture. 500

50 1107 1062 49 197 A Evolèna (Valais). 450

48 1150 1062 47 198 Le dernier jour de vendange. 500

348 1202 472 62 Ant. Steinach, à Munich.

46 1269 1068 56 202 L’hiver dans la montagne. 450

357 1329 457 65 Otto Grashey, à Munich.

46 1383 1064 46 203 Arrêt. 500

378 1420 412 67 Karl Hetz, à Munich.

46 1480 1066 54 205 Le fiancé. 1200

352 1535 469 66 Otto Gampert, à Munich.

48 1597 898 76 206 Rive du lac de Zurich près de Rapperswyl.

48 1677 1062 72 208 Rive du lac de Zurich près de Bæchau. 500

346 1738 479 60 Wilhelm Marc, à Munich.

48 1798 1064 48 209 Le favori. 550

363 1848 445 71 Paul Weber, à Munich.

46 1906 1066 59 210 Oberaudorf. 1500
