1394 2246
326 241 530 56 Ottilie Rœderstein, à Zurich.

52 293 1064 53 246 Ismaël. 1200

393 335 388 59 F. Muller, à Zurich.

56 406 805 54 251 Une rue de village (canton de Berne).

264 452 665 47 (Acheté à Zurich pour le tirage au sort.)

54 481 1057 48 260 Au Zürichhorn. 80

384 540 410 57 J. Watter, à Munich.

52 595 1062 48 264 Forêt. 8750

374 655 427 56 A. Treidler, à Munich.

54 713 1064 52 265 Une chanson joyeuse. 1500

312 778 559 56 Mlle E. Horlacher, à Stuttgart.

54 836 1058 53 270 Chardons. 250

54 881 1060 49 271 Devant la bibliothèque du couvent. 375

277 933 624 66 Rudolf Koller, à Riesbach-Zurich.

54 1003 1062 56 272 Brouillard dans la montagne. 2000

344 1068 487 56 Arthur Calame, à Genève.

54 1130 1062 65 273 Paquebots dans le port de Gênes. 1000

357 1199 465 60 Moritz Stifter, à Munich.

52 1261 1064 51 274 Dans la montagne. 150

393 1321 390 65 M. Kopp, à Munich.

52 1381 1064 52 275 Fleurs d’automne. 475

346 1452 480 49 X. Schwegler, à Lucerne.

50 1510 1068 54 276 Petite fille avec du gibier. 850

389 1579 394 51 W. Benteli, à Berne.

52 1632 1062 52 277 Ravin dans la forêt. 350

314 1703 551 50 Mlle E. Brunner, à Constance.

50 1751 1064 53 278 Étude de tête. 200

341 1813 485 64 F. Assenbaum, à Munich.

54 1884 1060 64 279 Les petits bergers. 280

54 1925 1060 49 280 Troupeau d’oies. 280
