1442 2257
592 236 449 59 Sophie David, à Genève.

280 302 1067 51 63 a et b Fleurs, deux pendants, ensemble. 500

594 368 445 60 Marie Sandoz, au Locle.

280 432 1081 64 64 Le gardien du logis. 400

574 490 480 61 Niclaus Pfyffer, à Lucerne.

280 552 1069 51 65 Chemin dans la forêt au bas de la montagne. 300

581 609 471 64 Adolphe Potter, à Genève.

280 682 1079 47 67 Environs de Toulon. 500

602 744 431 66 J. Reichlen, à Fribourg.

282 808 1075 47 68 Allant à l’église. 1000

284 863 1084 47 69 Etude. 350

594 912 448 47 Jost Muheim, à Lucerne.

286 964 1065 66 70 Au bord du lac des Quatre-Cantons. 500

587 1036 463 45 C. Baumgartner, à Berne.

289 1089 1073 48 72 Environs de Jegenstorf (aquarelle). 90

626 1141 386 68 Joh. Zahnd, à Berne.

289 1213 1072 64 74 Dans les monts Albanais. 200

611 1277 443 71 Th. Kleehaas, à Munich.

288 1342 1076 59 77 A la fenêtre. 375

581 1403 484 71 Emile Gilliéron, à Athènes.

289 1468 1075 51 80 Le Parthénon. 1000

525 1536 595 57 Mlle E. Schatzmann, à Lausanne.

286 1593 1082 48 84 Tschingel dans le Kienthal (aquarelle). 80

577 1666 488 56 Gustave Castan, à Genève.

289 1719 1077 47 85 Pigne d’Arolla. 1200

581 1822 476 56 François Poggi, à Genève.

288 1880 461 55 86 Près de Reignier.
