1439 2251
560 238 543 56 F. Meyer-Wismar, à Munich.

298 300 1067 45 211 Repos dans la montagne. 600

590 348 490 57 Mlle B. Nageli, à Munich.

296 410 1069 47 212 Hochmoor, près Munich. 900

607 465 453 54 J.-G. Steffan, à Munich.

296 523 1067 47 213 Lac de montagne dans les Grisons. 4000

298 570 722 45 214 Versants de l’Isar près de Zurich.

506 605 664 47 (Acheté à Zurich pour le tirage au sort.)

607 662 453 54 F. Leinecker, à Munich.

300 718 1065 54 216 Près de Castel Teno au bord du lac de Garde. 500

555 782 559 56 Aug. de Beaumont, à Genève.

296 844 1069 45 221 Les primevères. 800

303 885 1062 45 222 Soleil d’octobre. 400

611 936 441 54 J. Muheim, à Lucerne.

300 994 1065 54 225 Automne à Moos près de Lucerne. 500

626 1054 404 56 Ed. Pfyffer, à Zurich.

298 1123 1067 38 226 Ouvriers jouant aux cartes. 1200

298 1155 1065 53 227 Vieille femme avec une poule. 500

570 1215 521 47 Marie Schnyder, à Lucerne.

298 1262 1065 41 234 Cloître. 400

566 1303 531 56 Ludwig Gebhard, à Munich.

296 1361 1067 49 235 Geisalm au pied du mont Karwændel. 300

589 1431 486 49 Nickl. Pfyffer, à Lucerne.

296 1481 1069 49 238 Matinée d’automne à la Frohburg. 450

607 1540 445 58 J.-L. Rüdisühli, à Bâle.

300 1603 1065 45 239 Solitude dans la forêt. 1800

302 1648 1063 45 240 En novembre au bord du lac des Quatre-Cantons. 2500

519 1703 631 56 Rudolf Koller, à Riesbach-Zurich.

298 1757 1064 56 241 Matinée au bord du lac. 3500

416 1823 831 54 W. Rœthlisberger, à Thielle près Neuchâtel.

296 1881 1069 52 242 Vue du vieux Thielle. 500

296 1920 1069 55 243 Canards morts. 300
